<html lang="de"><script src="//bat.bing.com/bat.js" async=""></script><script async="" src="https://s.pinimg.com/ct/core.js"></script><script async="" src="https://cdn.doofinder.com/media/js/doofinder-classic.7.latest.min.js" charset="utf-8"></script><script type="text/javascript" charset="utf-8" async="" src="//widgets.trustedshops.com/js/X93B13674A1972213927FCAF3BA6837D6.js"></script><script async="" src="https://connect.facebook.net/en_US/fbevents.js"></script><head>
      
      
      <meta http-equiv="content-type" content="text/html; charset=iso-8859-1">

      
                                                                                          
<link type="text/css" rel="stylesheet" href="//www.rumundco.de/includes/plugins/kk_dropper/drops/Shared/framework.css?v=100.16.4">
<meta name="kk-dropper-stylesheets" content="">
<link rel="preload" as="image" href="media/image/product/5366/sm/la-hechicera-columbia-rum-40-07l.jpg">
                        
            <link rel="preload" as="image" href="/bilder/kk_dropper_uploads/2020-11-03_banner-quadratisch_ohnecta.webp">
      <link rel="preload" as="script" href="https://widgets.trustedshops.com/tb6/trustbadge.js">


      <link rel="stylesheet" crossorigin="anonymous" href="https://ff.kis.v2.scr.kaspersky-labs.com/E3E8934C-235A-4B0E-825A-35A08381A191/abn/main.css?attr=aHR0cHM6Ly93d3cucnVtdW5kY28uZGUvcm9uLXNhbnRpc2ltYS10cmluaWRhZC0xNS1qYWhyZS1ydW0tZGUtY3ViYS0wN2w"><script type="application/javascript" src="https://app.usercentrics.eu/latest/main.js" id="fHHaGBF_8"></script><script type="text/javascript" async="" src="https://app.usercentrics.eu/latest/bundle.js"></script>
      
      
      <!-- Global site tag (gtag.js) - Google Analytics -->
		
		
      
      <!-- Global site tag (gtag.js) - Google Analytics -->
      
      

      
      <meta name="description" content="Geduld zahlt sich aus. So ließ man dem Ron Santisima Trinidad 15 Jahre Rum de Cuba lang Zeit, sein volles Potenzial zu entfalten. Bei Rum&amp;Co bestellen.">
      <meta name="keywords" content="Ron Santisima Trinidad 15 Jahre Rum de Cuba Kuba ">
      <meta name="viewport" content="width=device-width, initial-scale=1, user-scalable=no">
      <meta http-equiv="X-UA-Compatible" content="IE=edge">
      <meta name="robots" content="index, follow">
      
      <meta property="og:site_name" content="Ron Santisima Trinidad 15 Jahre Rum de Cuba 40% 0,7l, 48,90 €">
      <meta property="og:title" content="Ron Santisima Trinidad 15 Jahre Rum de Cuba 40% 0,7l, 48,90 €">
      <meta property="og:description" content="Geduld zahlt sich aus. So ließ man dem Ron Santisima Trinidad 15 Jahre Rum de Cuba lang Zeit, sein volles Potenzial zu entfalten. Bei Rum&amp;Co bestellen.">
      
      <meta property="og:url" content="https://www.rumundco.de/ron-santisima-trinidad-15-jahre-rum-de-cuba-07l">
<meta property="og:type" content="product">
<meta property="og:image" content="https://www.rumundco.de/media/image/product/10436/md/ron-santisima-trinidad-15-jahre-rum-de-cuba-07l.jpg">
<meta property="product:price:amount" content="48.9">
<meta property="product:price:currency" content="EUR"> 

      
      <title>Ron Santisima Trinidad 15 Jahre Rum de Cuba 40% 0,7l, 48,90 €</title>
            <link rel="canonical" href="https://www.rumundco.de/ron-santisima-trinidad-15-jahre-rum-de-cuba-07l">
            <base href="https://www.rumundco.de/">
      <link type="image/x-icon" href="templates/kreativkarussell/themes/rumundco/favicon.ico" rel="shortcut icon">
      <link href="templates/kreativkarussell/themes/base/images/apple-touch-icon.png" rel="apple-touch-icon">
            <link rel="image_src" href="media/image/product/10436/md/ron-santisima-trinidad-15-jahre-rum-de-cuba-07l.jpg">
            
      <link rel="preconnect" href="https://fonts.gstatic.com">
      <link href="https://fonts.googleapis.com/css2?family=Caveat:wght@700&amp;family=Domine:wght@400;700&amp;family=Montserrat:wght@400;700;800&amp;display=swap" rel="stylesheet">





      <link rel="stylesheet" href="//maxcdn.bootstrapcdn.com/font-awesome/4.3.0/css/font-awesome.min.css" media="all" onload="this.media='all'">
      <link rel="preload" as="font" type="font/woff2" crossorigin="" href="//maxcdn.bootstrapcdn.com/font-awesome/4.3.0/fonts/fontawesome-webfont.woff2?v=4.3.0">



      

                           
            <link rel="stylesheet" href="templates/kreativkarussell/themes/rumundco/styles.css?v=4.06.11.53" media="all" onload="this.media='all'">
         
                                    
               <link rel="stylesheet" href="includes/plugins/jtl_paypal/version/111/frontend/css/style.css?v=4.06.11.53" media="all" onload="this.media='all'">
                           
               <link rel="stylesheet" href="includes/plugins/jst_doofinder/version/111/frontend/css/jst_doofinder.css?v=4.06.11.53" media="all" onload="this.media='all'">
            
               
   
      <script src="/templates/kreativkarussell/js/jquery-1.12.4.min.js"></script>
      
            
      
            




      
      


      <meta name="msvalidate.01" content="CA45B69AA7639407BA089A7A7DEFCA4D">
      
      
      
      
	<!-- Pinterest Tag -->
	

	<noscript>
	<img height="1" width="1" style="display:none;" alt="" src="https://ct.pinterest.com/v3/?event=init&amp;tid=2612373999005&amp;noscript=1">
	</noscript>
	<!-- end Pinterest Tag -->

      
      


      
      
         
      


               <!-- Facebook Pixel Code -->
        
        <noscript>
            <img height="1" width="1" style="display:none" src="https://www.facebook.com/tr?id=977761725624409&amp;ev=PageView&amp;noscript=1">
        </noscript>
        <!-- End Facebook Pixel Code -->
    
<script type="text/javascript" src="//www.rumundco.de/includes/plugins/kk_dropper/drops/Shared/framework.js?v=100.16.4"></script>
<script type="text/javascript" src="//www.rumundco.de/includes/plugins/kk_dropper/drops/KK_GoogleFunnelTracking/funnel_tracking.js?v=1.0.1"></script>

<meta name="kk-dropper-scripts" content="">

<script type="text/javascript" data-usercentrics="Google Analytics" async="async" src="https://www.googletagmanager.com/gtag/js?id=UA-11318258-1"></script><script type="text/javascript" data-usercentrics="Google Analytics" async="async" src="https://www.googletagmanager.com/gtag/js?id=G-XCB8MW0ZRZ"></script></head>
   
            
   <body id="page_type_1" data-page="1" class="body-offcanvas" data-viewport="lg" data-touchcapable="false" style=""><!-- kreativkarussell GmbH | Cirteo Tracking | v100 -->
<div id="kk-criteo-tracking" style="display: none;">
	
					
					
				
<script data-usercentrics="Criteo" type="text/javascript" src="//static.criteo.net/js/ld/ld.js" async="async"></script></div>
<!-- /kreativkarussell GmbH | Cirteo Tracking | v100 -->
   
   
   <!-- Hotjar Tracking Code for https://www.rumundco.de -->
   
         
    



      <div id="main-wrapper" class="main-wrapper fluid">
            
      <header class="header">
         <div class="top-bar hidden-xs">
            <div class="container">
               
               <div class="free-delivery hidden-sm hidden-md">
                  <span class="darker"><i class="fa fa-truck"></i> Kostenloser Versand</span> ab 150,00 € Bestellwert
               </div>
               
               <div class="contact">
                  <a href="/Haeufige-Fragen">FAQ</a>
                  <a href="/Produktempfehlungen">Produktberatung</a>
                  <a href="/Kontaktformular">Kontakt</a>
                  <a href="/Showroom-Lagerverkauf">Abholung &amp; Lagerverkauf</a>
               </div>
            </div>
         </div>
         <div class="container">
            <div id="header-branding" class="">
            <div class="visible-xs">
               <div class="menu-wrap">
                  <div class="menu-button menu-toggle">
                     <i class="fa fa-bars"></i>
                     <span class="menu-title">Menü</span>
                  </div>
                  <div id="logo">
                     
                     <a href="https://www.rumundco.de" title="Rum &amp; Co">
                     <img src="bilder/intern/shoplogo/rumundco_logo.gif" alt="Rum &amp; Co" class="img-responsive" width="500" height="115">
                     </a>
                     
                  </div>
                  <a href="jtl.php" class="menu-button">
                  <i class="fa fa-user"></i>
                  <span class="menu-title">Konto</span>
                  </a>
                  <div class="menu-button search-toggle">
                     <i class="fa fa-search"></i>
                     <span class="menu-title">Suchen</span>
                  </div>
                  <a class="menu-button cart" href="warenkorb.php">
                  
                                    <span class="menu-title">Warenkorb</span>
                  </a>
               </div>
            </div>
            <div class="row">
               <div class="col-sm-1 menu-toggle hidden-xs visible-sm">
                  <span class="bar"></span>
               </div>
               <div class="col-sm-4 col-lg-5 hidden-xs" id="logo">
                  
                  <a href="https://www.rumundco.de" title="Rum &amp; Co">
                                    <img src="bilder/intern/shoplogo/rumundco_logo.gif" alt="Rum &amp; Co" class="img-responsive" width="500" height="115">
                                    </a>
                  
               </div>
               <a href="jtl.php" title="Konto" class="konto-button-fix hidden-xs">
               <div class="visible-xs visible-sm konto-button konto-menu konto-toggle">
                  <i class="fa fa-user"></i>
               </div>
               </a>
               <a class="wishlist-button-fix hidden-xs" href="jtl.php?wl=" title="Zum Wunschzettel">
               <div class="visible-xs visible-sm wishlist-button">
                  <i class="fa fa-heart"></i>
               </div>
               </a>
               <a class="hidden-xs" href="warenkorb.php">
                  <div class="visible-xs visible-sm cart-button cart-menu cart-toggle " data-toggle="basket-items">
                     <div class="icon">
                        
                                             </div>
                  </div>
               </a>
               <div class="col-md-8 col-lg-7" id="shop-nav">
                  <div class="shop-nav-menu hidden-xs hidden-sm">
<img class="trusted hidden-xs hidden-sm" src="/bilder/template/trusted.gif" alt="Trusted Shops"><div class="account"><a href="jtl.php"><div class="avatar"><img class="profile lazy loaded" data-ll-status="loaded" src="/bilder/user/default.gif" width="150" height="150"></div>
<div class="shop-nav-label">Profil<span class="shop-nav-name">Anmelden</span>
</div></a></div>
<div class="wish-list hidden-sm"><a href="jtl.php?wl=" title="Zum Wunschzettel"><div class="icon"><i class="fa fa-heart"></i></div>
<div class="shop-nav-label">Merkzettel<span class="shop-nav-name">Mein Merkzettel</span>
</div></a></div>
<a href="warenkorb.php"><div class="cart-menu cart-button cart-toggle " data-toggle="basket-items">
<div class="icon"></div>
<div class="shop-nav-label">Warenkorb<span class="shopping-cart-value">0,00 € *</span>
</div>
</div></a>
</div>
<div id="search"><form action="navi.php" method="GET" id="suche"><div class="input-group">
<span class="twitter-typeahead" style="position: relative; display: inline-block;"><input type="text" class="form-control ac_input tt-hint" autocomplete="off" style="position: absolute; top: 0px; left: 0px; border-color: transparent; box-shadow: none; opacity: 1; background: rgb(243, 245, 246) none repeat scroll 0% 0%;" readonly="" spellcheck="false" tabindex="-1" dir="ltr"><input name="qs" type="text" class="form-control ac_input tt-input" placeholder="Lieblingsprodukt suchen..." autocomplete="off" spellcheck="false" dir="auto" style="position: relative; vertical-align: top; background-color: transparent;"><pre aria-hidden="true" style="position: absolute; visibility: hidden; white-space: pre; font-family: sans-serif; font-size: 14px; font-style: normal; font-variant: normal; font-weight: 400; word-spacing: 0px; letter-spacing: 0px; text-indent: 0px; text-rendering: optimizelegibility; text-transform: none;"></pre><div class="tt-menu" style="position: absolute; top: 100%; left: 0px; z-index: 100; display: none;"><div class="tt-dataset tt-dataset-product-search"></div></div></span><button class="search-submit" type="submit"><span class="hidden-xs hidden-sm">Suchen</span><i class="fa fa-search"></i></button>
</div></form></div>

               </div>
            </div>
         </div>
   </div>
      
<nav id="main-menu" class="navbar navbar-default "><div class="container">
<div class="btn btn-default menu-toggle continue-shopping visible-xs visible-sm">
<i class="fa fa-close"></i> Menü schließen</div>
<ul class="nav navbar-nav">
<!-- MOBIL --><li class="dropdown">
<a href="#" class="dropdown-toggle" data-toggle="dropdown">Sortiment <i class="fa fa-caret-down"></i></a><div class="dropdown-menu">
    <div class="row">
        <div class="col-xs-12 col-sm-8">
            <div class="dropdown-categorys">
                <div class="row">
                    
                                        <ul>
                                                                                    <li class="col-sm-12 col-md-4">
                                    
                                    
                                    <a class="Rum" href="Rum">
                                        Rum                                     </a>
                                    
                                </li>
                                                                                                                <li class="col-sm-12 col-md-4">
                                    
                                    
                                    <a class="Whisky" href="Whisky">
                                        Whisky                                     </a>
                                    
                                </li>
                                                                                                                <li class="col-sm-12 col-md-4">
                                    
                                    
                                    <a class="Gin" href="Gin">
                                        Gin                                     </a>
                                    
                                </li>
                                                                                                                <li class="col-sm-12 col-md-4">
                                    
                                    
                                    <a class="gin-tonic-sets" href="gin-tonic-sets">
                                        Gin &amp; Tonic Sets                                     </a>
                                    
                                </li>
                                                                                                                <li class="col-sm-12 col-md-4">
                                    
                                    
                                    <a class="Likoer" href="Likoer">
                                        Likör                                     </a>
                                    
                                </li>
                                                                                                                <li class="col-sm-12 col-md-4">
                                    
                                    
                                    <a class="zugaben-sets" href="zugaben-sets">
                                        Zugaben-Sets <i class="fa fa-plus"></i>                                    </a>
                                    
                                </li>
                                                                                                                <li class="col-sm-12 col-md-4">
                                    
                                    
                                    <a class="cocktailsets" href="cocktailsets">
                                        Cocktailsets                                     </a>
                                    
                                </li>
                                                                                                                <li class="col-sm-12 col-md-4">
                                    
                                    
                                    <a class="tequila-mezcal" href="tequila-mezcal">
                                        Tequila &amp; Mezcal <i class="fa fa-plus"></i>                                    </a>
                                    
                                </li>
                                                                                                                <li class="col-sm-12 col-md-4">
                                    
                                    
                                    <a class="vodka-korn" href="vodka-korn">
                                        Vodka &amp; Korn <i class="fa fa-plus"></i>                                    </a>
                                    
                                </li>
                                                                                                                <li class="col-sm-12 col-md-4">
                                    
                                    
                                    <a class="Sherry-/Portwein" href="Sherry-/Portwein">
                                        Sherry, Port &amp; Co <i class="fa fa-plus"></i>                                    </a>
                                    
                                </li>
                                                                                                                <li class="col-sm-12 col-md-4">
                                    
                                    
                                    <a class="Geschenke" href="Geschenke">
                                        Geschenke                                     </a>
                                    
                                </li>
                                                                                                                <li class="col-sm-12 col-md-4">
                                    
                                    
                                    <a class="Grappa-Calvados" href="Grappa-Calvados">
                                        Grappa &amp; Calvados <i class="fa fa-plus"></i>                                    </a>
                                    
                                </li>
                                                                                                                <li class="col-sm-12 col-md-4">
                                    
                                    
                                    <a class="Tasting-und-Verkostung-edler-Spirituosen" href="Tasting-und-Verkostung-edler-Spirituosen">
                                        Tastingsets <i class="fa fa-plus"></i>                                    </a>
                                    
                                </li>
                                                                                                                <li class="col-sm-12 col-md-4">
                                    
                                    
                                    <a class="Glaeser-Barbedarf" href="Glaeser-Barbedarf">
                                        Gläser &amp; Barbedarf <i class="fa fa-plus"></i>                                    </a>
                                    
                                </li>
                                                                                                                <li class="col-sm-12 col-md-4">
                                    
                                    
                                    <a class="champagner-schaumwein" href="champagner-schaumwein">
                                        Champagner &amp; Co <i class="fa fa-plus"></i>                                    </a>
                                    
                                </li>
                                                                                                                <li class="col-sm-12 col-md-4">
                                    
                                    
                                    <a class="Raritaeten" href="Raritaeten">
                                        Raritäten <i class="fa fa-plus"></i>                                    </a>
                                    
                                </li>
                                                                                                                <li class="col-sm-12 col-md-4">
                                    
                                    
                                    <a class="familypoints" href="familypoints">
                                        Rum &amp; Co Family                                     </a>
                                    
                                </li>
                                                                                                                <li class="col-sm-12 col-md-4">
                                    
                                    
                                    <a class="AndereSpirituosenCognacVodkaWhiskyWhiskeyBrandy" href="AndereSpirituosenCognacVodkaWhiskyWhiskeyBrandy">
                                        Weitere ... <i class="fa fa-plus"></i>                                    </a>
                                    
                                </li>
                                                                                                        
                    </ul>
                                    </div>
                <div class="row">
                    <div class="col-xs-12 col-sm-6">
                        <a class="dropdown-category-teaser text-center" href="/geschenkefinder">
                             <i class="fa fa-gift"></i>
                             <div class="h2">Geschenke</div>
                             <p>Finde ein vielseitiges Angebot an Geschenken zu jedem Anlass!</p>
                        </a>
                    </div>
                    <div class="col-xs-12 col-sm-6">

                        <a href="/Produktempfehlungen" class="iconteaser">
                            <div class="icon blue">
                                
                            </div>
                            <h3>Produktempfehlungen</h3>
                            <p>Wir geben Hilfestellung zu unserem Sortiment</p>
                        </a>

                        

                    </div>
                </div>
            </div>
        </div>
        <div class="col-xs-12 col-sm-4">
            
            <a href="Tasting-und-Verkostung-edler-Spirituosen">
                


                <img data-src="bilder/kk_dropper_uploads/2018-08-14_banner-tastingsets.webp" class="img-responsive lazy" alt="Tasting">
            </a>
            
            <a class="schnapsblatt-teaser text-center" href="/magazin" target="_blank">
                

                <img data-src="bilder/kk_dropper_uploads/schnapsblatt.webp" class="lazy" alt="Schnappsblatt">
                <div class="h2">Schnapsblatt</div>
                <p>"Tauche ein ins Schnapsblatt und entdecke spannende Stories aus der Welt der Spirituosen!"</p>
            </a>
        </div>
    </div>
    
</div>
</li>
<li><a href="Top-Angebote">Angebote<span class="sale-badge hidden-md">%</span></a></li>
<li><a href="Neu-im-Sortiment">Neu</a></li>
<li><a href="Produktempfehlungen">Empfehlungen</a></li>
<li><a href="Cocktails">Cocktails</a></li>
<li><a href="Bestenlisten-TOP10">Top 10</a></li>
<li><a href="Tasting-und-Verkostung-edler-Spirituosen">Tastingsets</a></li>
<li class="blog"><a class="blog-link" href="https://www.rumundco.de/magazin/?utm_source=shop&amp;utm_campaign=shop&amp;utm_medium=shop"><i class="fa fa-newspaper-o"></i> Schnapsblatt</a></li>
</ul>
</div>
<div class="user-functions visible-xs visible-sm">
<div class="account"><a href="jtl.php"><div class="avatar">
<img class="profile" src="/bilder/user/default.gif"><img class="badge-premium" src="bilder/user/badge-none-s.webp">
</div>
<div class="shop-nav-label">Profil<span class="shop-nav-name">Anmelden</span>
</div></a></div>
<div class="wish-list"><a href="jtl.php?wl=" title="Zum Wunschzettel"><div class="icon"><i class="fa fa-heart"></i></div>
<div class="shop-nav-label">Merkzettel<span class="shop-nav-name">Mein Merkzettel</span>
</div></a></div>
</div></nav>

      
   </header>
      
   <div id="content-wrapper" class="page-  ">
   <div class="content-wrapper-overlay"></div>
         <div class="breadcrumb-wrapper hidden-xs " itemscope="" itemtype="http://schema.org/BreadcrumbList"><div class="container"><ul id="breadcrumb" class="breadcrumb">
<li class="breadcrumb-item first" itemprop="itemListElement" itemscope="" itemtype="http://schema.org/ListItem">
<a href="/" itemprop="item" title="Startseite"><span class="fa fa-home"></span><span itemprop="name" class="hidden">Startseite</span></a><meta itemprop="position" content="1">
</li>
<li class="breadcrumb-item" itemprop="itemListElement" itemscope="" itemtype="http://schema.org/ListItem">
<a href="familypoints" itemprop="item" title="Rum &amp; Co Family"><span itemprop="name">Rum &amp; Co Family</span></a><meta itemprop="position" content="2">
</li>
<li class="breadcrumb-item last" itemprop="itemListElement" itemscope="" itemtype="http://schema.org/ListItem">
<a href="ron-santisima-trinidad-15-jahre-rum-de-cuba-07l" itemprop="item" title="Ron Santisima Trinidad 15 Jahre Rum de Cuba 40,7% 0,7l"><span itemprop="name">Ron Santisima Trinidad 15 Jahre Rum de Cuba 40,7% 0,7l</span></a><meta itemprop="position" content="3">
</li>
</ul></div></div>
                     
           <div class="container">
      <div class="product-pagination-wrap">
         <div class="visible-lg product-pagination next">
            <a href="lola-vera-gin-de-autor-clasica-07l" title="Lola y Vera Gin de Autor Clasica 40% 0,7l">zum nächsten Artikel <i class="fa fa-chevron-right"></i></a>         </div>
         <div class="visible-lg product-pagination previous">
            <a href="hinton-rum-da-madeira-6-jahre-madeira-cask-limited-07l" title="Hinton Rum da Madeira 6 Jahre Madeira Cask Limited 42% 0,7l"><i class="fa fa-chevron-left"></i> zum vorherigen Artikel</a>         </div>
      </div>
   </div>
   







<div id="result-wrapper">



		





    

                
    
                

    <div class="product-headline visible-xs visible-sm">
        <div class="h1 fn product-title" itemprop="name">Ron Santisima Trinidad 15 Jahre Rum de Cuba 40,7% 0,7l</div>
        <div class="rating visible-xs" data-toggle="modal" data-target="#bewertungen">    
<span class="rating" title="Durchschnittliche Artikelbewertung: 4/5">

<i class="fa fa-star"></i><i class="fa fa-star"></i><i class="fa fa-star"></i><i class="fa fa-star"></i><i class="fa fa-star inactive"></i></span><span class="rating-count">(3 Bewertungen)</span>
</div>
 
                            <div class="family">
                    <i class="fa fa-plus-circle"></i>
                    <span>Family<br>Points</span>
                </div>
                
    </div>   
<div itemscope="" itemtype="http://schema.org/Product">
    <form id="buy_form" method="post" action="https://www.rumundco.de/ron-santisima-trinidad-15-jahre-rum-de-cuba-07l" class="evo-validate">
        <input type="hidden" class="jtl_token" name="jtl_token" value="990c54f8bbd8eba034444bb458bfabee"><div class="form-group hidden">
	<label for="sp_additional_mail" class="control-label">Additional contact mail (leave blank)*</label>
	<input type="text" name="sp_additional_mail" value="" placeholder="Additional contact mail (leave blank)*" class="form-control">
</div>
        <div class="container">
            <div class="row product-primary" id="product-offer">
                <div class="hidden">
                	<meta itemprop="description" content=" Der feine Ron Santisima Trinidad 15 Jahre Rum de Cuba konnte nach der Destillation aus Melasse (aus Zuckerrohr gewonnen) deutlich länger reifen, als dies sonst bei Rum aus der Karibik der Fall ist. Die Destillerie hat ihn in Fässer aus amerikanischer Weißeiche gefüllt, in denen zuvor Bourbon Whiskey abgefüllt war. Darin lagerte der edle Tropfen stolze 15 Jahre lang, was sich auf seine Farbe genauso ausgewirkt hat wie auf den Rest seines Charakters. Der mahagonifarbene bis rötlich bräunlich funkelnde Ron Santisima Trinidad 15 Jahre Rum de Cuba zählt schon allein mit seinem hohen Reifegrad und seiner ebenso hohen Qualität zu den Premium-Produkten. Er hat es verdient, in aller Ruhe pur genossen zu werden. 
 Produktinformationen zum Ron Santisima Trinidad 15 Jahre Rum de Cuba: 
 Im Hinblick auf das Aroma und den Geschmack zeigt sich der Ron Santisima Trinidad 15 Jahre Rum de Cuba von der anspruchsvollen Seite. Komplex und aussagekräftig, aber auch harmonisch und weich, wickelt er den Genießer um den Finger und lehnt ihn zum Entspannen ein. Der vielschichtige Kuba Rum offenbart neben süßen Noten von Vanille und Karamell noch einen nussigen Beiklang von feinherben Mandeln. Darüber hinaus umgarnt der voluminöse, herrlich exotische Ron Santisima Trinidad 15 Jahre Rum de Cuba die Sinne mit Untertönen von Eiche und Würze. Kokosnuss gesellt sich im sanften, runden Abgang hinzu. 
 Herkunft des Ron Santisima Trinidad 15 Jahre Rum de Cuba: Kuba  Alkoholgehalt: 40,7% Vol  Inhalt: 0,7l  
 Lebensmittelunternehmer: 
 Capulet &amp; Montague Ltd  Karcherstraße 22  66111 Saarbrücken  Deutschland  ">
                	<meta itemprop="image" content="https://www.rumundco.de/media/image/product/10436/md/ron-santisima-trinidad-15-jahre-rum-de-cuba-07l.jpg">
                    <meta itemprop="brand" content="Santisima">
                </div>
                
                <div class="product-gallery col-md-6" style="height: 500px;">
                    <div id="image_wrapper" class="article_image " style="height: 444px;">
    <div class="box3d" data-object="." data-zoom-text="Drehen mit den Pfeiltasten..." data-framerate="10" data-animate="endless" data-controls="zoom" data-zoomposition="right" data-zoom-height="500px" data-zoom-width="500px" data-zoom-text_colorfont="#000">
    </div>
    <div id="gallery">
        <img class="placeholder-img lazy loaded" alt="Ron Santisima Trinidad 15 Jahre Rum de Cuba 40,7% 0,7l" data-ll-status="loaded" src="media/image/product/10436/md/ron-santisima-trinidad-15-jahre-rum-de-cuba-07l.jpg">
    </div>
    <div class="images chocolat-parent">
                
            

                                        
                                                    

                                        
            <a class="chocolat-image" href="media/image/product/10436/lg/ron-santisima-trinidad-15-jahre-rum-de-cuba-07l.jpg"><img class="img_0 lazy loaded" alt="Ron Santisima Trinidad 15 Jahre Rum de Cuba 40,7% 0,7l" data-ll-status="loaded" src="media/image/product/10436/md/ron-santisima-trinidad-15-jahre-rum-de-cuba-07l.jpg" style="display: block;"></a>
                    
            

            
                        

            
            <a class="chocolat-image" href="media/image/product/10436/lg/ron-santisima-trinidad-15-jahre-rum-de-cuba-07l~2.jpg"><img class="img_1 lazy loaded" alt="Ron Santisima Trinidad 15 Jahre Rum de Cuba 40,7% 0,7l" data-ll-status="loaded" src="media/image/product/10436/md/ron-santisima-trinidad-15-jahre-rum-de-cuba-07l~2.jpg" style="display: none;"></a>
                    
            

            
                        

            
            <a class="chocolat-image" href="media/image/product/10436/lg/ron-santisima-trinidad-15-jahre-rum-de-cuba-07l~3.jpg"><img class="img_2 lazy loaded" alt="Ron Santisima Trinidad 15 Jahre Rum de Cuba 40,7% 0,7l" data-ll-status="loaded" src="media/image/product/10436/md/ron-santisima-trinidad-15-jahre-rum-de-cuba-07l~3.jpg" style="display: none;"></a>
                    
            

            
                        

            
            <a class="chocolat-image" href="media/image/product/10436/lg/ron-santisima-trinidad-15-jahre-rum-de-cuba-07l~4.jpg"><img class="img_3 lazy loaded" alt="Ron Santisima Trinidad 15 Jahre Rum de Cuba 40,7% 0,7l" data-ll-status="loaded" src="media/image/product/10436/md/ron-santisima-trinidad-15-jahre-rum-de-cuba-07l~4.jpg" style="display: none;"></a>
                    
    </div>
            <div id="visual" class="autosize" style="width: 444px; height: 444px;"></div>
        
        <div class="thumbnails-wrap hidden-xs">
        <div class="thumbnails-up"><i class="fa fa-chevron-up"></i></div>
        <div class="thumbnails-stage" style="height: 365px;">
            <ul class="thumbnails">
                                <li class="thumbnail link_360">

                    

                                                                                    <img class="lazy loaded" src="media/image/product/10436/sm/ron-santisima-trinidad-15-jahre-rum-de-cuba-07l.jpg" data-ll-status="loaded" width="80" height="80">
                    
                </li>
                                                                    <li class="thumbnail active">

                        

                                                                                                    <img data-src="media/image/product/10436/sm/ron-santisima-trinidad-15-jahre-rum-de-cuba-07l.jpg" class="img_0" src="media/image/product/10436/sm/ron-santisima-trinidad-15-jahre-rum-de-cuba-07l.jpg" width="80" height="80">
                    </li>
                                                        <li class="thumbnail">

                        

                                                <img data-src="media/image/product/10436/sm/ron-santisima-trinidad-15-jahre-rum-de-cuba-07l~2.jpg" class="img_1" src="media/image/product/10436/sm/ron-santisima-trinidad-15-jahre-rum-de-cuba-07l~2.jpg" width="80" height="80">
                    </li>
                                                        <li class="thumbnail">

                        

                                                <img data-src="media/image/product/10436/sm/ron-santisima-trinidad-15-jahre-rum-de-cuba-07l~3.jpg" class="img_2" src="media/image/product/10436/sm/ron-santisima-trinidad-15-jahre-rum-de-cuba-07l~3.jpg" width="80" height="80">
                    </li>
                                                        <li class="thumbnail">

                        

                                                <img data-src="media/image/product/10436/sm/ron-santisima-trinidad-15-jahre-rum-de-cuba-07l~4.jpg" class="img_3" src="media/image/product/10436/sm/ron-santisima-trinidad-15-jahre-rum-de-cuba-07l~4.jpg" width="80" height="80">
                    </li>
                                    
            </ul>
        </div>
        <div class="thumbnails-down"><i class="fa fa-chevron-down"></i></div>
    </div>

            <div class="gallery-nav visible-xs">
            <div class="prev nav-button"><i class="fa fa-angle-left"></i></div>
            <div class="next nav-button"><i class="fa fa-angle-right"></i></div>
        </div>
    
            <div class="visualclose"><i class="fa fa-close"></i></div>
        <div class="link_360 visible-xs">
            
        </div>
    </div>

                                                                        <a href="jtl.php" name="Wunschliste" class="wishlist visible-xs" title="auf den Merkzettel">
                                <i class="fa fa-heart"></i>
                            </a>
                                                                
                                    </div>


                <div class="product-info col-md-6">
                    <div class="product-headline hidden-xs hidden-sm">
                        <h1 class="fn product-title" itemprop="name" data-kartikel="10436">Ron Santisima Trinidad 15 Jahre Rum de Cuba 40,7% 0,7l</h1>
                    </div>
                    <div class="info-essential hidden-xs">
                            





                            <div class="rating-wrapper" itemprop="aggregateRating" itemscope="" itemtype="http://schema.org/AggregateRating">
                            <span itemprop="ratingValue" class="hidden">4</span>
                            <span itemprop="reviewCount" class="hidden">3</span>
                                <div class="rating" data-toggle="modal" data-target="#bewertungen">    
<span class="rating" title="Durchschnittliche Artikelbewertung: 4/5">

<i class="fa fa-star"></i><i class="fa fa-star"></i><i class="fa fa-star"></i><i class="fa fa-star"></i><i class="fa fa-star inactive"></i></span>
</div>

                            </div>
                      
                        
                    </div>
                    <div class="info-additional hidden-xs">
                        <div class="row">
                                                        <div class="col-xs-6 col-sm-5">
                                <div class="herkunft">
                                    <span class="info-label">Herkunft</span>
                                    <img class="herkunft-flag" src="/mediafiles/Bilder/laender/kuba.png">
                                    <a href="Kuba">
                                    Kuba 
                                    </a>
                                </div>
                            </div>
                                                                                    <div class="col-xs-6 col-sm-5">
                                <div class="manufacturer">
                                    <span class="info-label">Marke</span>
                                    <a href="santisima">
                                        Santisima
                                    </a>
                                </div>
                            </div>
                                                        <div class="col-sm-2 text-right pull-right">
                                
                                

                                                                                                            <a href="jtl.php" name="Wunschliste" class="wishlist" title="auf den Merkzettel">
                                            <i class="fa fa-heart"></i><span> Merken</span>
                                        </a>
                                                                                                </div>
                        </div>
                    </div>
                    <div class="row">
                        <div class="col-xs-4 col-sm-6">
                            <div class="delivery-status">
                                <span class="info-label">Lieferstatus</span>

                                                                        	                                    	                                        	                                        <span class="red">Ausverkauft</span>
    	                                        	                                    	                            
                                    <span class="info-label">Lagerbestand</span>

                                    
                                                                                                                        <span class="red">Ausverkauft</span> 
                                           
                                                                                                    <div class="hidden-xs">
                                    <span class="info-label">Artikelnummer</span>
                                    <span itemprop="sku" itemscope="">12928-2-09-4-14</span>
                                </div>      
                            </div>  
                        </div>
                        <div class="col-xs-8 col-sm-6">
                            



    

    <div class="price_wrapper">
    
    
                                                                <div class="price text-nowrap">

                                
                <span class="price-value">48,90</span>
            </div>
                            <div class="price-note">
                





                
                
                                    <div class="base-price text-nowrap">
                        Grundpreis: <span class="value">69,86 € pro 1 l</span>
                    </div>
                                
        








                
                
                
                




                                    <div class="vat_info">
                        Alle Preise zzgl. <a href="/Zahlung-Versand" target="_blank">Versand</a> | inkl. MwSt.
                    </div>
                

            </div>
                
    </div>



    
                          
                                                                    <div class="family-wrap">
                                        <div class="family">
                                                                                        <div class="points">244</div>
                                            <span>Family<br>Points</span>
                                            <div class="info" data-toggle="modal" data-target="#family"><i class="fa fa-info-circle"></i></div>
                                        </div>
                                    </div>
                                    <div class="modal fade" id="family" role="dialog" aria-labelledby="myModalLabel">
                                        <div class="modal-dialog" role="document">
                                            <div class="modal-content">
                                                <div class="modal-header">
                                                    <button type="button" class="close" data-dismiss="modal" aria-label="Close"><i class="fa fa-close"></i></button>
                                                    <div class="h2 title"><span>Rum&amp;Co Family Points</span></div>
                                                </div>
                                                <div class="modal-body">
                                                    <h3 class="text-center">Bei der Rum &amp; Co Family handelt es sich um eine Treueaktion, mit der du kostenlos und ganz einfach Punkte sammeln kannst. So geht's:</h3>
                                                    <div class="steps">
                                                        <div class="row">
                                                            <div class="col-xs-12 col-sm-4">
                                                                <div class="step">
                                                                    <span class="step-number">1</span>
                                                                    <img src="/bilder/kk_dropper_uploads/login.svg">
                                                                    <h3>Anmelden</h3>
                                                                    <p>Melde dich zuerst in deinem Kundenkonto an, damit die Punkte deinem Konto gutgeschrieben werden können. Du hast noch kein Kundenkonto? <a href="/jtl.php">Dann melde dich jetzt hier an!</a></p>
                                                                </div>
                                                            </div>
                                                            <div class="col-xs-12 col-sm-4">
                                                                <div class="step">
                                                                    <span class="step-number">2</span>
                                                                    <img src="/bilder/kk_dropper_uploads/wagen.svg">
                                                                    <h3>Family Produkte shoppen</h3>
                                                                    <p>Shoppe in der Kategorie <a href="#">"Rum &amp; Co Family"</a> oder halte Ausschau nach dem blauen Rum &amp; Co Family Badge und lege eines oder mehrere "Family Produkte" in den Warenkorb. Wie viele Family Points du erhältst erfährst du auf der Artikelseite.</p>
                                                                </div>
                                                            </div>
                                                            <div class="col-xs-12 col-sm-4">
                                                                <div class="step">
                                                                    <span class="step-number">3</span>
                                                                    <img src="/bilder/kk_dropper_uploads/muenzen.svg">
                                                                    <h3>Family Points sammeln und einlösen</h3>
                                                                    <p>Deine Family Points werden dir 15 Tage nach deiner Bestellung gutgeschrieben. Du kannst sie dann direkt einlösen oder weitersammeln.</p>
                                                                </div>
                                                            </div>
                                                        </div>
                                                        <div class="text-center" style="padding-bottom: 40px;">
                                                            <a href="/family" style="display: inline-block;" class="btn btn-rounded btn-family">Weitere Informationen</a>
                                                        </div>
                                                    </div>
                                                </div>
                                            </div>
                                        </div>
                                    </div>
                                                      







                        </div>
                    </div>
                    <div class="add-to-cart-helper"></div>
                    <div class="product-offer" itemprop="offers" itemscope="" itemtype="http://schema.org/Offer">
                        <meta itemprop="price" content="48.9">
                        <meta itemprop="priceCurrency" content="EUR">
                        <meta itemprop="availability" content="InStock">
                        <link itemprop="url" href="https://www.rumundco.de/ron-santisima-trinidad-15-jahre-rum-de-cuba-07l">
                        <input type="submit" name="inWarenkorb" value="1" class="hidden">
                                                                                                <input type="hidden" id="AktuellerkArtikel" class="current_article" name="a" value="10436">
                        <input type="hidden" name="wke" value="1">
                        <input type="hidden" name="show" value="1">
                        <input type="hidden" name="kKundengruppe" value="1">
                        <input type="hidden" name="kSprache" value="1">

                            
                    </div>
              
                </div>
                
                
            </div>



            <div class="row">
                <div class="col-sm-6 hidden-xs">
                
                </div>
                <div class="col-xs-12 col-sm-6">

                    




    
    
    <div class="alert alert-info">Der Artikel ist zur Zeit nicht verfügbar. Wir können Sie aber benachrichtigen, sobald er wieder lieferbar ist.</div>
                
<div class="btn btn-primary loginfirst" data-toggle="modal" data-target="#login-box">Benachrichtigung anfordern</div>
            
            




                </div>
            </div>

















                    </div>
    </form>
    <div class="modal fade" id="bewertungen" role="dialog" style="display: none;" aria-hidden="true">
    <div class="modal-dialog" role="document">
        <div class="modal-content">
            <div class="modal-header">
                <button type="button" class="close" data-dismiss="modal" aria-label="Close"><i class="fa fa-close"></i></button>
                <div class="h2 title"><span>Bewertungen</span></div>
            </div>
            <div class="modal-body">
                <div class="bewertungen-wrap">
                    



    <div class="bewertung-abgeben">

   



	    <div class="alert alert-danger" id="error">
	        Bitte füllen Sie alle erforderlichen Felder der Bewertung aus.
	    </div>


	<form method="post" action="bewertung.php" id="bewertungform">
        <input type="hidden" class="jtl_token" name="jtl_token" value="990c54f8bbd8eba034444bb458bfabee"><div class="form-group hidden">
	<label for="sp_additional_mail" class="control-label">Additional contact mail (leave blank)*</label>
	<input type="text" name="sp_additional_mail" value="" placeholder="Additional contact mail (leave blank)*" class="form-control">
</div>



    		    		    		  <div class="btn btn-primary loginfirst" data-toggle="modal" data-target="#login-box">Bitte melden Sie sich an, um eine Bewertung zu schreiben.</div>
    		



	</form>
</div>










        <div class="h2 title"><span>3 <small>Bewertungen</small></span></div>

                                    <div id="comment20120" class="review-comment  most_useful">
    
    
    
        <div class="avatar">
                            <img class="profile" src="/bilder/user/default.gif">
            
                    </div>

            <div class="review-helpful-total">

                                    1
                                
                                    Kunde fand das hilfreich
                
        </div>
    
    <div itemprop="review" itemscope="" itemtype="http://schema.org/Review">
        <p class="top">
            <cite>
                <span itemprop="author" itemscope="" itemtype="http://schema.org/Person">
                    <span itemprop="name" class="name">
                                                    Manuel S
                                            </span>
                </span>
            </cite>
                
<span class="rating" title="Artikelbewertung: 3/5">

<i class="fa fa-star"></i><i class="fa fa-star"></i><i class="fa fa-star"></i><i class="fa fa-star inactive"></i><i class="fa fa-star inactive"></i></span>
        </p>

    
        



        <span itemprop="reviewRating" itemscope="" itemtype="http://schema.org/Rating">
            <div class="hide">
                <span itemprop="ratingValue">3</span> von
                <span itemprop="bestRating">5</span>
                <meta itemprop="worstRating" content="1">
            </div>
            <p itemprop="name" class="title">Etwas too much</p>
        </span>

                <p itemprop="reviewBody">Entweder ist die Flasche um oder sowohl der Geruch als auch der Abgang sind stark mit Rosenaroma durchzogen. Der Geschmack ist schokoladig ohne Süße und sehr nussig und holzig. Ist sicherlich für Liebhaber. Mit anderen Worten - nicht für jedermann.</p>
        <small class="date">
            <meta itemprop="datePublished" content="2019-10-15">15.10.2019
        </small> 
    </div>
</div>
             
        
        
                                
            
            <div class="taste-header">
                                    <div class="h2">Durchschnittliche Kundenbewertung</div>
                        
<span class="rating" title="Artikelbewertung: 4/5">

<i class="fa fa-star"></i><i class="fa fa-star"></i><i class="fa fa-star"></i><i class="fa fa-star"></i><i class="fa fa-star inactive"></i></span>
                                <div class="taste mittorf">
                                                                                                                                                                
                                                
                                <div class="taste-meter taste-suesse">
                                    <span class="taste-label">Süße</span>
                                    <span class="taste-rating-value">10</span>
                                    <div class="taste-meter-fill" style="height: 10%; width: 10%"></div>
                                </div>
                    
                                                                                                                                                                                                                            

                                                                                                                                                                                                                                                        
                                            
                                <div class="taste-meter taste-wuerze">
                                    <span class="taste-label">Würze</span>
                                    <span class="taste-rating-value">80</span>
                                    <div class="taste-meter-fill" style="height: 80%; width: 80%"></div>
                                </div>
                    
                                                                                                                                    

                                                                                                                                                                                                                                    
                                            
                                <div class="taste-meter taste-milde">
                                    <span class="taste-label">Milde</span>
                                    <span class="taste-rating-value">20</span>
                                    <div class="taste-meter-fill" style="height: 20%; width: 20%"></div>
                                </div>
                
                                                                                                                                                                                

                                                                                                                                                                                                                                                                                                    
                                                  
                                <div class="taste-meter taste-frucht">
                                    <span class="taste-label">Frucht</span>   
                                    <span class="taste-rating-value">20</span>                   
                                    <div class="taste-meter-fill" style="height: 20%; width: 20%"></div>
                                </div>
                    
                                                                                        

                                                                                                                                                                                                                                                                                                                                                
                                                  
                                <div class="taste-meter taste-torf">
                                    <span class="taste-label">Rauch</span>   
                                    <span class="taste-rating-value">40</span>                   
                                    <div class="taste-meter-fill" style="height: 40%; width: 40%; left: 30%; top: 30%"></div>
                                </div>
                    
                                            
                </div>
            </div>
            


        


        



            
                            

    




<div class="pagination-wrapper clearfix">
            <div class="form-group pull-left">
            <span class="text-muted">
                2 Bewertungen
            </span>
        </div>
    
            <form action="https://www.rumundco.de/ron-santisima-trinidad-15-jahre-rum-de-cuba-07l#tab-votes" method="get" class="form-inline form-group pull-right">
            
                            <div class="form-group items-per-page-group">
                    <select class="form-control" name="ratings_nItemsPerPage" id="ratings_nItemsPerPage" onchange="this.form.submit()" title="Einträge/Seite">
                        <option disabled="">Einträge/Seite</option>
                                                    <option value="10" selected="">
                                10
                            </option>
                        
                        <option value="-1">
                            Alle anzeigen
                        </option>
                    </select>
                </div>
                                        <div class="form-group filter-group">
                    <select class="form-control" name="ratings_nSortByDir" id="ratings_nSortByDir" onchange="this.form.submit()" title="Sortierung">
                        <option disabled="">Sortierung</option>
                                                    <option value="0" selected="">
                                Datum aufsteigend
                            </option>
                            <option value="1">
                                Datum absteigend
                            </option>
                                                    <option value="2">
                                Bewertung aufsteigend
                            </option>
                            <option value="3">
                                Bewertung absteigend
                            </option>
                                                    <option value="4">
                                Hilreich aufsteigend
                            </option>
                            <option value="5">
                                Hilreich absteigend
                            </option>
                        
                    </select>
                </div>
                    </form>
    </div>
            <form method="post" action="https://www.rumundco.de/bewertung.php#tab-votes" class="reviews-list">
                <input type="hidden" class="jtl_token" name="jtl_token" value="990c54f8bbd8eba034444bb458bfabee"><div class="form-group hidden">
	<label for="sp_additional_mail" class="control-label">Additional contact mail (leave blank)*</label>
	<input type="text" name="sp_additional_mail" value="" placeholder="Additional contact mail (leave blank)*" class="form-control">
</div>
                <input name="bhjn" type="hidden" value="1">
                <input name="a" type="hidden" value="10436">
                <input name="btgsterne" type="hidden" value="0">
                <input name="btgseite" type="hidden" value="1">


                                    <div class="review panel panel-default ">
                        <div class="panel-body">
                            <div id="comment31089" class="review-comment  ">
    
    
    
        <div class="avatar">
                            <img class="profile" src="/bilder/user/default.gif">
            
                    </div>

    
    <div itemprop="review" itemscope="" itemtype="http://schema.org/Review">
        <p class="top">
            <cite>
                <span itemprop="author" itemscope="" itemtype="http://schema.org/Person">
                    <span itemprop="name" class="name">
                                                    René H
                                            </span>
                </span>
            </cite>
                
<span class="rating" title="Artikelbewertung: 5/5">

<i class="fa fa-star"></i><i class="fa fa-star"></i><i class="fa fa-star"></i><i class="fa fa-star"></i><i class="fa fa-star"></i></span>
        </p>

    
        



        <span itemprop="reviewRating" itemscope="" itemtype="http://schema.org/Rating">
            <div class="hide">
                <span itemprop="ratingValue">5</span> von
                <span itemprop="bestRating">5</span>
                <meta itemprop="worstRating" content="1">
            </div>
            <p itemprop="name" class="title">Leckerer Allrounder</p>
        </span>

                <p itemprop="reviewBody">Dieser Rum sollte 15 bis 20 min vor dem Genuss eingeschenkt werden und für meinen Geschmack etwas wärmer getrunken werden. Dann entfaltet er sein Leben ahres Potential. Allein wenn man in einschenkt gibt es einen herrlichen Rumduft im Raum. Leider ohne Wartezeit oder bei kühlerer Trinktemperatur sehr flach.</p>
        <small class="date">
            <meta itemprop="datePublished" content="2021-08-14">14.08.2021
        </small> 
    </div>
</div>
                        </div>
                    </div>
                                    <div class="review panel panel-default last">
                        <div class="panel-body">
                            <div id="comment28760" class="review-comment  ">
    
    
    
        <div class="avatar">
                            <img class="profile" src="/bilder/user/default.gif">
            
                    </div>

    
    <div itemprop="review" itemscope="" itemtype="http://schema.org/Review">
        <p class="top">
            <cite>
                <span itemprop="author" itemscope="" itemtype="http://schema.org/Person">
                    <span itemprop="name" class="name">
                                                    Carsten S
                                            </span>
                </span>
            </cite>
                
<span class="rating" title="Artikelbewertung: 4/5">

<i class="fa fa-star"></i><i class="fa fa-star"></i><i class="fa fa-star"></i><i class="fa fa-star"></i><i class="fa fa-star inactive"></i></span>
        </p>

    
        



        <span itemprop="reviewRating" itemscope="" itemtype="http://schema.org/Rating">
            <div class="hide">
                <span itemprop="ratingValue">4</span> von
                <span itemprop="bestRating">5</span>
                <meta itemprop="worstRating" content="1">
            </div>
            <p itemprop="name" class="title">Rauch?</p>
        </span>

                <p itemprop="reviewBody">Ich bin ganz ehrlich, ich habe keinen Rauch gefunden. Aber das macht nichts. Dieser Rum schmeckt so lecker und rund; ist aber nicht übermäßig süß, so dass man sich gerade als Whisky- Freund bestens aufgehoben fühlt.</p>
        <small class="date">
            <meta itemprop="datePublished" content="2021-02-22">22.02.2021
        </small> 
    </div>
</div>
                        </div>
                    </div>
                
            </form>
            

    




<div class="pagination-wrapper clearfix">
            <div class="form-group pull-left">
            <span class="text-muted">
                2 Bewertungen
            </span>
        </div>
    
    </div>
        





                
            





            



               
 


                </div>
            </div>
        </div>
    </div>
</div>



</div>























    
    
    <div class="container">
        <div class="h2 title"><span>Top-Alternativen für die Wartezeit</span></div>
        <div class="product-slider owl-carousel owl-theme owl-loaded loaded">
                                                
                                                                
                                                                
                                                                
                                                                                            
                                                                                            
                                                                
                                                                
                                                                
                                                        
        <div class="owl-stage-outer"><div class="owl-stage" style="transform: translate3d(-1170px, 0px, 0px); transition: all 0s ease 0s; width: 4972.5px;"><div class="owl-item cloned" style="width: 262.5px; margin-right: 30px;"><div class="product-slider-item">  
                        
    

	
    	
    
    


<div class="product-teaser variant familypoints">
    <div class="image-wrapper">

        

                            

        <a alt="Rum Artesanal of Jamaica 40% 0,5l" href="Rum-Artesanal-of-Jamaica-05"><img alt="Rum Artesanal of Jamaica 40% 0,5l" title="Rum Artesanal of Jamaica 40% 0,5l" data-src="media/image/product/6610/sm/rum-artesanal-of-jamaica-05.jpg" class="lazy" src="media/image/product/6610/sm/rum-artesanal-of-jamaica-05.jpg"></a>


                                                        
        
        
        
        


          

                    <form action="navi.php" method="post">
                <button name="Wunschliste" type="submit" class="wishlist" title="auf den Merkzettel">
                    <i class="fa fa-heart"></i>
                </button>

                                    <button type="button" data-toggle="modal" data-target="#login-box" class="wishlist" title="auf den Merkzettel">
                        <i class="fa fa-heart"></i>
                    </button>
                                <input type="hidden" name="a" value="6610">
            </form>
            </div>

    <div class="text-wrapper">
  
                            <div class="family">
                    <i class="fa fa-plus-circle"></i>
                    <span>Family<br>Points</span>
                </div>
                 
        <div class="text-wrapper-inner">
                
<span class="rating" title="Artikelbewertung: 3.5/5">

<i class="fa fa-star"></i><i class="fa fa-star"></i><i class="fa fa-star"></i><i class="fa fa-star-half"></i><i class="fa fa-star inactive"></i><i class="fa fa-star inactive"></i></span>
            <div class="product-title"><a href="Rum-Artesanal-of-Jamaica-05">Rum Artesanal of Jamaica 40% 0,5l</a></div>
            <div class="hidden-xs product-excerpt"></div>
            



    

    <div class="price_wrapper">
    
    
                                                                <div class="price text-nowrap">

                                
                <span class="price-value">13,90</span>
            </div>
                            <div class="price-note">
                                    <div class="base_price text-nowrap">
                        Grundpreis: <span class="value">27,80 € pro 1 l</span>
                    </div>
                    <div class="vat_info">
                        zzgl. <a href="/Zahlung-Versand" target="_blank">Versand</a> | inkl. MwSt.
                    </div>


                            </div>
                
    </div>



    

            <div class="delivery-status">
                                    <span class="green">Noch 13 Stück verfügbar</span>
                            </div>

            <a href="Rum-Artesanal-of-Jamaica-05" class="infolink"><i class="fa fa-info-circle"></i> Informationen zur Lebensmittel-Kennzeichnung</a>

                    </div>

        <div class="product-actions">
            <a href="Rum-Artesanal-of-Jamaica-05" class="btn btn-default button-details">Details <i class="fa fa-caret-right"></i></a>
                            <div class="btn btn-primary addarticle" data-toggle="modal" data-target="#addarticle">
                    
                </div>
                    </div>
    </div>

    <form class="buyform" id="buy_form_6610" action="navi.php" method="post">
        <input type="hidden" class="jtl_token" name="jtl_token" value="990c54f8bbd8eba034444bb458bfabee"><div class="form-group hidden">
	<label for="sp_additional_mail" class="control-label">Additional contact mail (leave blank)*</label>
	<input type="text" name="sp_additional_mail" value="" placeholder="Additional contact mail (leave blank)*" class="form-control">
</div>

        
                            <div class="quantity-wrapper">
                    <div data-changequantity="quantity6610" class="btn btn-default remove changequantity">-</div>
                    <input type="text" min="0" size="2" id="quantity6610" class="quantity form-control text-right" name="anzahl" autocomplete="off" value="1">
                    <div data-changequantity="quantity6610" class="btn btn-default add changequantity">+</div>
                    <button type="submit" class="btn btn-primary addtocart" id="submit6610" title="In den Warenkorb">
                        
                    </button>
                </div>
                    

                        <input type="hidden" name="a" value="6610">
        <input type="hidden" name="wke" value="1">
        <input type="hidden" name="overview" value="1">
        <input type="hidden" name="Sortierung" value="">
                                                                
                    
                    </form>
</div>

                    </div></div><div class="owl-item cloned" style="width: 262.5px; margin-right: 30px;"><div class="product-slider-item">  
                        
    

	
    	
    
    


<div class="product-teaser variant familypoints">
    <div class="image-wrapper">

        

                            

        <a alt="St. Germain Elderflower Holunderblütenlikör 20% 0,7l" href="St-Germain-Elderflower-Holunderbluetenlikoer-07l"><img alt="St. Germain Elderflower Holunderblütenlikör 20% 0,7l" title="St. Germain Elderflower Holunderblütenlikör 20% 0,7l" data-src="media/image/product/4277/sm/st-germain-elderflower-holunderbluetenlikoer-07l.jpg" class="lazy" src="media/image/product/4277/sm/st-germain-elderflower-holunderbluetenlikoer-07l.jpg"></a>


                                                                                            
        
        
        
        


          

                    <form action="navi.php" method="post">
                <button name="Wunschliste" type="submit" class="wishlist" title="auf den Merkzettel">
                    <i class="fa fa-heart"></i>
                </button>

                                    <button type="button" data-toggle="modal" data-target="#login-box" class="wishlist" title="auf den Merkzettel">
                        <i class="fa fa-heart"></i>
                    </button>
                                <input type="hidden" name="a" value="4277">
            </form>
            </div>

    <div class="text-wrapper">
  
                            <div class="family">
                    <i class="fa fa-plus-circle"></i>
                    <span>Family<br>Points</span>
                </div>
                 
        <div class="text-wrapper-inner">
                
<span class="rating" title="Artikelbewertung: 4.5/5">

<i class="fa fa-star"></i><i class="fa fa-star"></i><i class="fa fa-star"></i><i class="fa fa-star"></i><i class="fa fa-star-half"></i><i class="fa fa-star inactive"></i></span>
            <div class="product-title"><a href="St-Germain-Elderflower-Holunderbluetenlikoer-07l">St. Germain Elderflower Holunderblütenlikör 20% 0,7l</a></div>
            <div class="hidden-xs product-excerpt"></div>
            



    

    <div class="price_wrapper">
    
    
                                                            <div class="instead_of old_price">
                        
                        statt 43,90*<sup><small>1</small></sup>
                    </div>
                                        <div class="price text-nowrap special-price">

                                
                <span class="price-value">33,90</span>
            </div>
                            <div class="price-note">
                                    <div class="base_price text-nowrap">
                        Grundpreis: <span class="value">48,43 € pro 1 l</span>
                    </div>
                    <div class="vat_info">
                        zzgl. <a href="/Zahlung-Versand" target="_blank">Versand</a> | inkl. MwSt.
                    </div>


                            </div>
                
    </div>



    

            <div class="delivery-status">
                                    <span class="red">Nur noch 3 Stück verfügbar</span>
                            </div>

            <a href="St-Germain-Elderflower-Holunderbluetenlikoer-07l" class="infolink"><i class="fa fa-info-circle"></i> Informationen zur Lebensmittel-Kennzeichnung</a>

                    </div>

        <div class="product-actions">
            <a href="St-Germain-Elderflower-Holunderbluetenlikoer-07l" class="btn btn-default button-details">Details <i class="fa fa-caret-right"></i></a>
                            <div class="btn btn-primary addarticle" data-toggle="modal" data-target="#addarticle">
                    
                </div>
                    </div>
    </div>

    <form class="buyform" id="buy_form_4277" action="navi.php" method="post">
        <input type="hidden" class="jtl_token" name="jtl_token" value="990c54f8bbd8eba034444bb458bfabee"><div class="form-group hidden">
	<label for="sp_additional_mail" class="control-label">Additional contact mail (leave blank)*</label>
	<input type="text" name="sp_additional_mail" value="" placeholder="Additional contact mail (leave blank)*" class="form-control">
</div>

        
                            <div class="quantity-wrapper">
                    <div data-changequantity="quantity4277" class="btn btn-default remove changequantity">-</div>
                    <input type="text" min="0" size="2" id="quantity4277" class="quantity form-control text-right" name="anzahl" autocomplete="off" value="1">
                    <div data-changequantity="quantity4277" class="btn btn-default add changequantity">+</div>
                    <button type="submit" class="btn btn-primary addtocart" id="submit4277" title="In den Warenkorb">
                        
                    </button>
                </div>
                    

                        <input type="hidden" name="a" value="4277">
        <input type="hidden" name="wke" value="1">
        <input type="hidden" name="overview" value="1">
        <input type="hidden" name="Sortierung" value="">
                                                                
                    
                    </form>
</div>

                    </div></div><div class="owl-item cloned" style="width: 262.5px; margin-right: 30px;"><div class="product-slider-item">  
                        
    

	
    	
    
    


<div class="product-teaser variant familypoints">
    <div class="image-wrapper">

        

                            

        <a alt="Matusalem Gran Reserva 15 Solera 40% 0,7l" href="Matusalem-Gran-Reserva-15-Solera-40-07l"><img alt="Matusalem Gran Reserva 15 Solera 40% 0,7l" title="Matusalem Gran Reserva 15 Solera 40% 0,7l" data-src="media/image/product/40/sm/matusalem-gran-reserva-15-solera-40-07l.jpg" class="lazy" src="media/image/product/40/sm/matusalem-gran-reserva-15-solera-40-07l.jpg"></a>


                                                                                            
        
        
        
        


          

                    <form action="navi.php" method="post">
                <button name="Wunschliste" type="submit" class="wishlist" title="auf den Merkzettel">
                    <i class="fa fa-heart"></i>
                </button>

                                    <button type="button" data-toggle="modal" data-target="#login-box" class="wishlist" title="auf den Merkzettel">
                        <i class="fa fa-heart"></i>
                    </button>
                                <input type="hidden" name="a" value="40">
            </form>
            </div>

    <div class="text-wrapper">
  
                            <div class="family">
                    <i class="fa fa-plus-circle"></i>
                    <span>Family<br>Points</span>
                </div>
                 
        <div class="text-wrapper-inner">
                
<span class="rating" title="Artikelbewertung: 4/5">

<i class="fa fa-star"></i><i class="fa fa-star"></i><i class="fa fa-star"></i><i class="fa fa-star"></i><i class="fa fa-star inactive"></i></span>
            <div class="product-title"><a href="Matusalem-Gran-Reserva-15-Solera-40-07l">Matusalem Gran Reserva 15 Solera 40% 0,7l</a></div>
            <div class="hidden-xs product-excerpt"></div>
            



    

    <div class="price_wrapper">
    
    
                                                            <div class="instead_of old_price">
                        
                        statt 34,90*<sup><small>1</small></sup>
                    </div>
                                        <div class="price text-nowrap special-price">

                                
                <span class="price-value">28,90</span>
            </div>
                            <div class="price-note">
                                    <div class="base_price text-nowrap">
                        Grundpreis: <span class="value">41,29 € pro 1 l</span>
                    </div>
                    <div class="vat_info">
                        zzgl. <a href="/Zahlung-Versand" target="_blank">Versand</a> | inkl. MwSt.
                    </div>


                            </div>
                
    </div>



    

            <div class="delivery-status">
                                    <span class="green">Noch 18 Stück verfügbar</span>
                            </div>

            <a href="Matusalem-Gran-Reserva-15-Solera-40-07l" class="infolink"><i class="fa fa-info-circle"></i> Informationen zur Lebensmittel-Kennzeichnung</a>

                    </div>

        <div class="product-actions">
            <a href="Matusalem-Gran-Reserva-15-Solera-40-07l" class="btn btn-default button-details">Details <i class="fa fa-caret-right"></i></a>
                            <div class="btn btn-primary addarticle" data-toggle="modal" data-target="#addarticle">
                    
                </div>
                    </div>
    </div>

    <form class="buyform" id="buy_form_40" action="navi.php" method="post">
        <input type="hidden" class="jtl_token" name="jtl_token" value="990c54f8bbd8eba034444bb458bfabee"><div class="form-group hidden">
	<label for="sp_additional_mail" class="control-label">Additional contact mail (leave blank)*</label>
	<input type="text" name="sp_additional_mail" value="" placeholder="Additional contact mail (leave blank)*" class="form-control">
</div>

        
                            <div class="quantity-wrapper">
                    <div data-changequantity="quantity40" class="btn btn-default remove changequantity">-</div>
                    <input type="text" min="0" size="2" id="quantity40" class="quantity form-control text-right" name="anzahl" autocomplete="off" value="1">
                    <div data-changequantity="quantity40" class="btn btn-default add changequantity">+</div>
                    <button type="submit" class="btn btn-primary addtocart" id="submit40" title="In den Warenkorb">
                        
                    </button>
                </div>
                    

                        <input type="hidden" name="a" value="40">
        <input type="hidden" name="wke" value="1">
        <input type="hidden" name="overview" value="1">
        <input type="hidden" name="Sortierung" value="">
                                                                
                    
                    </form>
</div>

                    </div></div><div class="owl-item cloned" style="width: 262.5px; margin-right: 30px;"><div class="product-slider-item">  
                        
    

	
    	
    
    


<div class="product-teaser variant familypoints">
    <div class="image-wrapper">

        

                            

        <a alt="Edinburgh Gin´s Raspberry Liqueur 20% 0,5l" href="Edinburgh-Gins-Raspberry-Liqueur-05l"><img alt="Edinburgh Gin´s Raspberry Liqueur 20% 0,5l" title="Edinburgh Gin´s Raspberry Liqueur 20% 0,5l" data-src="media/image/product/3224/sm/edinburgh-gins-raspberry-liqueur-05l.jpg" class="lazy" src="media/image/product/3224/sm/edinburgh-gins-raspberry-liqueur-05l.jpg"></a>


                                                        
        
        
        
        


          

                    <form action="navi.php" method="post">
                <button name="Wunschliste" type="submit" class="wishlist" title="auf den Merkzettel">
                    <i class="fa fa-heart"></i>
                </button>

                                    <button type="button" data-toggle="modal" data-target="#login-box" class="wishlist" title="auf den Merkzettel">
                        <i class="fa fa-heart"></i>
                    </button>
                                <input type="hidden" name="a" value="3224">
            </form>
            </div>

    <div class="text-wrapper">
  
                            <div class="family">
                    <i class="fa fa-plus-circle"></i>
                    <span>Family<br>Points</span>
                </div>
                 
        <div class="text-wrapper-inner">
                
<span class="rating" title="Artikelbewertung: 4/5">

<i class="fa fa-star"></i><i class="fa fa-star"></i><i class="fa fa-star"></i><i class="fa fa-star"></i><i class="fa fa-star inactive"></i></span>
            <div class="product-title"><a href="Edinburgh-Gins-Raspberry-Liqueur-05l">Edinburgh Gin´s Raspberry Liqueur 20% 0,5l</a></div>
            <div class="hidden-xs product-excerpt"></div>
            



    

    <div class="price_wrapper">
    
    
                                                                <div class="price text-nowrap">

                                
                <span class="price-value">22,90</span>
            </div>
                            <div class="price-note">
                                    <div class="base_price text-nowrap">
                        Grundpreis: <span class="value">45,80 € pro 1 l</span>
                    </div>
                    <div class="vat_info">
                        zzgl. <a href="/Zahlung-Versand" target="_blank">Versand</a> | inkl. MwSt.
                    </div>


                            </div>
                
    </div>



    

            <div class="delivery-status">
                                    <span class="green">Noch 23 Stück verfügbar</span>
                            </div>

            <a href="Edinburgh-Gins-Raspberry-Liqueur-05l" class="infolink"><i class="fa fa-info-circle"></i> Informationen zur Lebensmittel-Kennzeichnung</a>

                    </div>

        <div class="product-actions">
            <a href="Edinburgh-Gins-Raspberry-Liqueur-05l" class="btn btn-default button-details">Details <i class="fa fa-caret-right"></i></a>
                            <div class="btn btn-primary addarticle" data-toggle="modal" data-target="#addarticle">
                    
                </div>
                    </div>
    </div>

    <form class="buyform" id="buy_form_3224" action="navi.php" method="post">
        <input type="hidden" class="jtl_token" name="jtl_token" value="990c54f8bbd8eba034444bb458bfabee"><div class="form-group hidden">
	<label for="sp_additional_mail" class="control-label">Additional contact mail (leave blank)*</label>
	<input type="text" name="sp_additional_mail" value="" placeholder="Additional contact mail (leave blank)*" class="form-control">
</div>

        
                            <div class="quantity-wrapper">
                    <div data-changequantity="quantity3224" class="btn btn-default remove changequantity">-</div>
                    <input type="text" min="0" size="2" id="quantity3224" class="quantity form-control text-right" name="anzahl" autocomplete="off" value="1">
                    <div data-changequantity="quantity3224" class="btn btn-default add changequantity">+</div>
                    <button type="submit" class="btn btn-primary addtocart" id="submit3224" title="In den Warenkorb">
                        
                    </button>
                </div>
                    

                        <input type="hidden" name="a" value="3224">
        <input type="hidden" name="wke" value="1">
        <input type="hidden" name="overview" value="1">
        <input type="hidden" name="Sortierung" value="">
                                                                
                    
                    </form>
</div>

                    </div></div><div class="owl-item active" style="width: 262.5px; margin-right: 30px;"><div class="product-slider-item">  
                        
    

	
    	
    
    


<div class="product-teaser variant familypoints">
    <div class="image-wrapper">

        

                            

        <a alt="Rum Artesanal Ron Dominicano 8 Jahre 40% 0,5l" href="Rum-Artesanal-Ron-Dominicano-8-Jahre-07l"><img alt="Rum Artesanal Ron Dominicano 8 Jahre 40% 0,5l" title="Rum Artesanal Ron Dominicano 8 Jahre 40% 0,5l" class="lazy loaded" data-ll-status="loaded" src="media/image/product/8488/sm/rum-artesanal-ron-dominicano-8-jahre-07l.jpg"></a>


                                                                                            
        
        
        
        


          

                    <form action="navi.php" method="post">
                <button name="Wunschliste" type="submit" class="wishlist" title="auf den Merkzettel">
                    <i class="fa fa-heart"></i>
                </button>

                                    <button type="button" data-toggle="modal" data-target="#login-box" class="wishlist" title="auf den Merkzettel">
                        <i class="fa fa-heart"></i>
                    </button>
                                <input type="hidden" name="a" value="8488">
            </form>
            </div>

    <div class="text-wrapper">
  
                            <div class="family">
                    <i class="fa fa-plus-circle"></i>
                    <span>Family<br>Points</span>
                </div>
                 
        <div class="text-wrapper-inner">
                
<span class="rating" title="Artikelbewertung: 4/5">

<i class="fa fa-star"></i><i class="fa fa-star"></i><i class="fa fa-star"></i><i class="fa fa-star"></i><i class="fa fa-star inactive"></i></span>
            <div class="product-title"><a href="Rum-Artesanal-Ron-Dominicano-8-Jahre-07l">Rum Artesanal Ron Dominicano 8 Jahre 40% 0,5l</a></div>
            <div class="hidden-xs product-excerpt"></div>
            



    

    <div class="price_wrapper">
    
    
                                                            <div class="instead_of old_price">
                        
                        statt 26,50*<sup><small>1</small></sup>
                    </div>
                                        <div class="price text-nowrap special-price">

                                
                <span class="price-value">17,50</span>
            </div>
                            <div class="price-note">
                                    <div class="base_price text-nowrap">
                        Grundpreis: <span class="value">35,00 € pro 1 l</span>
                    </div>
                    <div class="vat_info">
                        zzgl. <a href="/Zahlung-Versand" target="_blank">Versand</a> | inkl. MwSt.
                    </div>


                            </div>
                
    </div>



    

            <div class="delivery-status">
                                    <span class="green">Mehr als 50 Stück verfügbar</span>
                            </div>

            <a href="Rum-Artesanal-Ron-Dominicano-8-Jahre-07l" class="infolink"><i class="fa fa-info-circle"></i> Informationen zur Lebensmittel-Kennzeichnung</a>

                    </div>

        <div class="product-actions">
            <a href="Rum-Artesanal-Ron-Dominicano-8-Jahre-07l" class="btn btn-default button-details">Details <i class="fa fa-caret-right"></i></a>
                            <div class="btn btn-primary addarticle" data-toggle="modal" data-target="#addarticle">
                    
                </div>
                    </div>
    </div>

    <form class="buyform" id="buy_form_8488" action="navi.php" method="post">
        <input type="hidden" class="jtl_token" name="jtl_token" value="990c54f8bbd8eba034444bb458bfabee"><div class="form-group hidden">
	<label for="sp_additional_mail" class="control-label">Additional contact mail (leave blank)*</label>
	<input type="text" name="sp_additional_mail" value="" placeholder="Additional contact mail (leave blank)*" class="form-control">
</div>

        
                            <div class="quantity-wrapper">
                    <div data-changequantity="quantity8488" class="btn btn-default remove changequantity">-</div>
                    <input type="text" min="0" size="2" id="quantity8488" class="quantity form-control text-right" name="anzahl" autocomplete="off" value="1">
                    <div data-changequantity="quantity8488" class="btn btn-default add changequantity">+</div>
                    <button type="submit" class="btn btn-primary addtocart" id="submit8488" title="In den Warenkorb">
                        
                    </button>
                </div>
                    

                        <input type="hidden" name="a" value="8488">
        <input type="hidden" name="wke" value="1">
        <input type="hidden" name="overview" value="1">
        <input type="hidden" name="Sortierung" value="">
                                                                
                    
                    </form>
</div>

                    </div></div><div class="owl-item active" style="width: 262.5px; margin-right: 30px;"><div class="product-slider-item">  
                        
    

	
    	
    
    


<div class="product-teaser variant familypoints">
    <div class="image-wrapper">

        

                            

        <a alt="Edinburgh Gin´s Plum &amp; Vanilla Liqueur 20% 0,5l" href="Edinburgh-Plum-Vanilla-Gin-05l"><img alt="Edinburgh Gin´s Plum &amp; Vanilla Liqueur 20% 0,5l" title="Edinburgh Gin´s Plum &amp; Vanilla Liqueur 20% 0,5l" class="lazy loaded" data-ll-status="loaded" src="media/image/product/7693/sm/edinburgh-plum-vanilla-gin-05l.jpg"></a>


                                                                                            
        
        
        
        


          

                    <form action="navi.php" method="post">
                <button name="Wunschliste" type="submit" class="wishlist" title="auf den Merkzettel">
                    <i class="fa fa-heart"></i>
                </button>

                                    <button type="button" data-toggle="modal" data-target="#login-box" class="wishlist" title="auf den Merkzettel">
                        <i class="fa fa-heart"></i>
                    </button>
                                <input type="hidden" name="a" value="7693">
            </form>
            </div>

    <div class="text-wrapper">
  
                            <div class="family">
                    <i class="fa fa-plus-circle"></i>
                    <span>Family<br>Points</span>
                </div>
                 
        <div class="text-wrapper-inner">
                
<span class="rating" title="Artikelbewertung: 5/5">

<i class="fa fa-star"></i><i class="fa fa-star"></i><i class="fa fa-star"></i><i class="fa fa-star"></i><i class="fa fa-star"></i></span>
            <div class="product-title"><a href="Edinburgh-Plum-Vanilla-Gin-05l">Edinburgh Gin´s Plum &amp; Vanilla Liqueur 20% 0,5l</a></div>
            <div class="hidden-xs product-excerpt"></div>
            



    

    <div class="price_wrapper">
    
    
                                                            <div class="instead_of old_price">
                        
                        statt 22,90*<sup><small>1</small></sup>
                    </div>
                                        <div class="price text-nowrap special-price">

                                
                <span class="price-value">17,90</span>
            </div>
                            <div class="price-note">
                                    <div class="base_price text-nowrap">
                        Grundpreis: <span class="value">35,80 € pro 1 l</span>
                    </div>
                    <div class="vat_info">
                        zzgl. <a href="/Zahlung-Versand" target="_blank">Versand</a> | inkl. MwSt.
                    </div>


                            </div>
                
    </div>



    

            <div class="delivery-status">
                                    <span class="green">Noch 15 Stück verfügbar</span>
                            </div>

            <a href="Edinburgh-Plum-Vanilla-Gin-05l" class="infolink"><i class="fa fa-info-circle"></i> Informationen zur Lebensmittel-Kennzeichnung</a>

                    </div>

        <div class="product-actions">
            <a href="Edinburgh-Plum-Vanilla-Gin-05l" class="btn btn-default button-details">Details <i class="fa fa-caret-right"></i></a>
                            <div class="btn btn-primary addarticle" data-toggle="modal" data-target="#addarticle">
                    
                </div>
                    </div>
    </div>

    <form class="buyform" id="buy_form_7693" action="navi.php" method="post">
        <input type="hidden" class="jtl_token" name="jtl_token" value="990c54f8bbd8eba034444bb458bfabee"><div class="form-group hidden">
	<label for="sp_additional_mail" class="control-label">Additional contact mail (leave blank)*</label>
	<input type="text" name="sp_additional_mail" value="" placeholder="Additional contact mail (leave blank)*" class="form-control">
</div>

        
                            <div class="quantity-wrapper">
                    <div data-changequantity="quantity7693" class="btn btn-default remove changequantity">-</div>
                    <input type="text" min="0" size="2" id="quantity7693" class="quantity form-control text-right" name="anzahl" autocomplete="off" value="1">
                    <div data-changequantity="quantity7693" class="btn btn-default add changequantity">+</div>
                    <button type="submit" class="btn btn-primary addtocart" id="submit7693" title="In den Warenkorb">
                        
                    </button>
                </div>
                    

                        <input type="hidden" name="a" value="7693">
        <input type="hidden" name="wke" value="1">
        <input type="hidden" name="overview" value="1">
        <input type="hidden" name="Sortierung" value="">
                                                                
                    
                    </form>
</div>

                    </div></div><div class="owl-item active" style="width: 262.5px; margin-right: 30px;"><div class="product-slider-item">  
                        
    

	
    	
    	
    	
    	
    	
    	
    	
    
    


<div class="product-teaser variant familypoints">
    <div class="image-wrapper">

        

                            

        <a alt="Mein TASTINGBOOK von Rum &amp; Co" href="mein-tastingbook-von-rum-co"><img alt="Mein TASTINGBOOK von Rum &amp; Co" title="Mein TASTINGBOOK von Rum &amp; Co" class="lazy loaded" data-ll-status="loaded" src="media/image/product/9684/sm/mein-tastingbook-von-rum-co.jpg"></a>


                                                        
        
        
        
        


          

                    <form action="navi.php" method="post">
                <button name="Wunschliste" type="submit" class="wishlist" title="auf den Merkzettel">
                    <i class="fa fa-heart"></i>
                </button>

                                    <button type="button" data-toggle="modal" data-target="#login-box" class="wishlist" title="auf den Merkzettel">
                        <i class="fa fa-heart"></i>
                    </button>
                                <input type="hidden" name="a" value="9684">
            </form>
            </div>

    <div class="text-wrapper">
  
                            <div class="family">
                    <i class="fa fa-plus-circle"></i>
                    <span>Family<br>Points</span>
                </div>
                 
        <div class="text-wrapper-inner">
                
<span class="rating" title="Artikelbewertung: 5/5">

<i class="fa fa-star"></i><i class="fa fa-star"></i><i class="fa fa-star"></i><i class="fa fa-star"></i><i class="fa fa-star"></i></span>
            <div class="product-title"><a href="mein-tastingbook-von-rum-co">Mein TASTINGBOOK von Rum &amp; Co</a></div>
            <div class="hidden-xs product-excerpt">
<br><br>
<ul class="tick tick-green">
<li>5 einfache Tipps für ein gelungenes Tasting</li>
<li>18 Verkostungsbeispiele</li>
<li>über 70 Seiten für deine Verkostungsnotizen</li>
<li>Aromenkunde inkl. Tasting-Wheel in Farbe</li>
</ul>
<br>

</div>
            



    

    <div class="price_wrapper">
    
    
                                                                <div class="price text-nowrap">

                                
                <span class="price-value">4,95</span>
            </div>
                            <div class="price-note">
                                    <div class="base_price text-nowrap">
                        Grundpreis: <span class="value">4,95 € pro 1 Stück</span>
                    </div>
                    <div class="vat_info">
                        zzgl. <a href="/Zahlung-Versand" target="_blank">Versand</a> | inkl. MwSt.
                    </div>


                            </div>
                
    </div>



    

            <div class="delivery-status">
                                    <span class="green">Mehr als 50 Stück verfügbar</span>
                            </div>

            <a href="mein-tastingbook-von-rum-co" class="infolink"><i class="fa fa-info-circle"></i> Informationen zur Lebensmittel-Kennzeichnung</a>

                    </div>

        <div class="product-actions">
            <a href="mein-tastingbook-von-rum-co" class="btn btn-default button-details">Details <i class="fa fa-caret-right"></i></a>
                            <div class="btn btn-primary addarticle" data-toggle="modal" data-target="#addarticle">
                    
                </div>
                    </div>
    </div>

    <form class="buyform" id="buy_form_9684" action="navi.php" method="post">
        <input type="hidden" class="jtl_token" name="jtl_token" value="990c54f8bbd8eba034444bb458bfabee"><div class="form-group hidden">
	<label for="sp_additional_mail" class="control-label">Additional contact mail (leave blank)*</label>
	<input type="text" name="sp_additional_mail" value="" placeholder="Additional contact mail (leave blank)*" class="form-control">
</div>

        
                            <div class="quantity-wrapper">
                    <div data-changequantity="quantity9684" class="btn btn-default remove changequantity">-</div>
                    <input type="text" min="0" size="2" id="quantity9684" class="quantity form-control text-right" name="anzahl" autocomplete="off" value="1">
                    <div data-changequantity="quantity9684" class="btn btn-default add changequantity">+</div>
                    <button type="submit" class="btn btn-primary addtocart" id="submit9684" title="In den Warenkorb">
                        
                    </button>
                </div>
                    

                        <input type="hidden" name="a" value="9684">
        <input type="hidden" name="wke" value="1">
        <input type="hidden" name="overview" value="1">
        <input type="hidden" name="Sortierung" value="">
                                                                
                    
                    </form>
</div>

                    </div></div><div class="owl-item active" style="width: 262.5px; margin-right: 30px;"><div class="product-slider-item">  
                        
    

	
    	
    	
    
    


<div class="product-teaser variant familypoints">
    <div class="image-wrapper">

        

                            

        <a alt="RumChata Creamlikör 15% 0,7l" href="RumChata-Creamlikoer-07l"><img alt="RumChata Creamlikör 15% 0,7l" title="RumChata Creamlikör 15% 0,7l" class="lazy loaded" data-ll-status="loaded" src="media/image/product/7988/sm/rumchata-creamlikoer-07l.jpg"></a>


                                                        
        
        
        
        


          

                    <form action="navi.php" method="post">
                <button name="Wunschliste" type="submit" class="wishlist" title="auf den Merkzettel">
                    <i class="fa fa-heart"></i>
                </button>

                                    <button type="button" data-toggle="modal" data-target="#login-box" class="wishlist" title="auf den Merkzettel">
                        <i class="fa fa-heart"></i>
                    </button>
                                <input type="hidden" name="a" value="7988">
            </form>
            </div>

    <div class="text-wrapper">
  
                            <div class="family">
                    <i class="fa fa-plus-circle"></i>
                    <span>Family<br>Points</span>
                </div>
                 
        <div class="text-wrapper-inner">
                
<span class="rating" title="Artikelbewertung: 4/5">

<i class="fa fa-star"></i><i class="fa fa-star"></i><i class="fa fa-star"></i><i class="fa fa-star"></i><i class="fa fa-star inactive"></i></span>
            <div class="product-title"><a href="RumChata-Creamlikoer-07l">RumChata Creamlikör 15% 0,7l</a></div>
            <div class="hidden-xs product-excerpt"></div>
            



    

    <div class="price_wrapper">
    
    
                                                                <div class="price text-nowrap">

                                
                <span class="price-value">15,90</span>
            </div>
                            <div class="price-note">
                                    <div class="base_price text-nowrap">
                        Grundpreis: <span class="value">22,71 € pro 1 l</span>
                    </div>
                    <div class="vat_info">
                        zzgl. <a href="/Zahlung-Versand" target="_blank">Versand</a> | inkl. MwSt.
                    </div>


                            </div>
                
    </div>



    

            <div class="delivery-status">
                                    <span class="green">Mehr als 50 Stück verfügbar</span>
                            </div>

            <a href="RumChata-Creamlikoer-07l" class="infolink"><i class="fa fa-info-circle"></i> Informationen zur Lebensmittel-Kennzeichnung</a>

                    </div>

        <div class="product-actions">
            <a href="RumChata-Creamlikoer-07l" class="btn btn-default button-details">Details <i class="fa fa-caret-right"></i></a>
                            <div class="btn btn-primary addarticle" data-toggle="modal" data-target="#addarticle">
                    
                </div>
                    </div>
    </div>

    <form class="buyform" id="buy_form_7988" action="navi.php" method="post">
        <input type="hidden" class="jtl_token" name="jtl_token" value="990c54f8bbd8eba034444bb458bfabee"><div class="form-group hidden">
	<label for="sp_additional_mail" class="control-label">Additional contact mail (leave blank)*</label>
	<input type="text" name="sp_additional_mail" value="" placeholder="Additional contact mail (leave blank)*" class="form-control">
</div>

        
                            <div class="quantity-wrapper">
                    <div data-changequantity="quantity7988" class="btn btn-default remove changequantity">-</div>
                    <input type="text" min="0" size="2" id="quantity7988" class="quantity form-control text-right" name="anzahl" autocomplete="off" value="1">
                    <div data-changequantity="quantity7988" class="btn btn-default add changequantity">+</div>
                    <button type="submit" class="btn btn-primary addtocart" id="submit7988" title="In den Warenkorb">
                        
                    </button>
                </div>
                    

                        <input type="hidden" name="a" value="7988">
        <input type="hidden" name="wke" value="1">
        <input type="hidden" name="overview" value="1">
        <input type="hidden" name="Sortierung" value="">
                                                                
                    
                    </form>
</div>

                    </div></div><div class="owl-item" style="width: 262.5px; margin-right: 30px;"><div class="product-slider-item">  
                        
    

	
    	
    
    


<div class="product-teaser variant familypoints">
    <div class="image-wrapper">

        

                            

        <a alt="Bombay Bramble Distilled Gin 37,5% 0,7l" href="bombay-bramble-distilled-gin-1l"><img alt="Bombay Bramble Distilled Gin 37,5% 0,7l" title="Bombay Bramble Distilled Gin 37,5% 0,7l" class="lazy loaded" data-ll-status="loaded" src="media/image/product/11085/sm/bombay-bramble-distilled-gin-1l.jpg"></a>


                                                        
        
        
        
        


          

                    <form action="navi.php" method="post">
                <button name="Wunschliste" type="submit" class="wishlist" title="auf den Merkzettel">
                    <i class="fa fa-heart"></i>
                </button>

                                    <button type="button" data-toggle="modal" data-target="#login-box" class="wishlist" title="auf den Merkzettel">
                        <i class="fa fa-heart"></i>
                    </button>
                                <input type="hidden" name="a" value="11085">
            </form>
            </div>

    <div class="text-wrapper">
  
                            <div class="family">
                    <i class="fa fa-plus-circle"></i>
                    <span>Family<br>Points</span>
                </div>
                 
        <div class="text-wrapper-inner">
                
<span class="rating" title="Artikelbewertung: 4.5/5">

<i class="fa fa-star"></i><i class="fa fa-star"></i><i class="fa fa-star"></i><i class="fa fa-star"></i><i class="fa fa-star-half"></i><i class="fa fa-star inactive"></i></span>
            <div class="product-title"><a href="bombay-bramble-distilled-gin-1l">Bombay Bramble Distilled Gin 37,5% 0,7l</a></div>
            <div class="hidden-xs product-excerpt">




</div>
            



    

    <div class="price_wrapper">
    
    
                                                                <div class="price text-nowrap">

                                
                <span class="price-value">22,90</span>
            </div>
                            <div class="price-note">
                                    <div class="base_price text-nowrap">
                        Grundpreis: <span class="value">32,71 € pro 1 l</span>
                    </div>
                    <div class="vat_info">
                        zzgl. <a href="/Zahlung-Versand" target="_blank">Versand</a> | inkl. MwSt.
                    </div>


                            </div>
                
    </div>



    

            <div class="delivery-status">
                                    <span class="green">Noch 42 Stück verfügbar</span>
                            </div>

            <a href="bombay-bramble-distilled-gin-1l" class="infolink"><i class="fa fa-info-circle"></i> Informationen zur Lebensmittel-Kennzeichnung</a>

                    </div>

        <div class="product-actions">
            <a href="bombay-bramble-distilled-gin-1l" class="btn btn-default button-details">Details <i class="fa fa-caret-right"></i></a>
                            <div class="btn btn-primary addarticle" data-toggle="modal" data-target="#addarticle">
                    
                </div>
                    </div>
    </div>

    <form class="buyform" id="buy_form_11085" action="navi.php" method="post">
        <input type="hidden" class="jtl_token" name="jtl_token" value="990c54f8bbd8eba034444bb458bfabee"><div class="form-group hidden">
	<label for="sp_additional_mail" class="control-label">Additional contact mail (leave blank)*</label>
	<input type="text" name="sp_additional_mail" value="" placeholder="Additional contact mail (leave blank)*" class="form-control">
</div>

        
                            <div class="quantity-wrapper">
                    <div data-changequantity="quantity11085" class="btn btn-default remove changequantity">-</div>
                    <input type="text" min="0" size="2" id="quantity11085" class="quantity form-control text-right" name="anzahl" autocomplete="off" value="1">
                    <div data-changequantity="quantity11085" class="btn btn-default add changequantity">+</div>
                    <button type="submit" class="btn btn-primary addtocart" id="submit11085" title="In den Warenkorb">
                        
                    </button>
                </div>
                    

                        <input type="hidden" name="a" value="11085">
        <input type="hidden" name="wke" value="1">
        <input type="hidden" name="overview" value="1">
        <input type="hidden" name="Sortierung" value="">
                                                                
                    
                    </form>
</div>

                    </div></div><div class="owl-item" style="width: 262.5px; margin-right: 30px;"><div class="product-slider-item">  
                        
    

	
    	
    
    


<div class="product-teaser variant familypoints">
    <div class="image-wrapper">

        

                            

        <a alt="Rum Artesanal of Jamaica 40% 0,5l" href="Rum-Artesanal-of-Jamaica-05"><img alt="Rum Artesanal of Jamaica 40% 0,5l" title="Rum Artesanal of Jamaica 40% 0,5l" data-src="media/image/product/6610/sm/rum-artesanal-of-jamaica-05.jpg" class="lazy" src="media/image/product/6610/sm/rum-artesanal-of-jamaica-05.jpg"></a>


                                                        
        
        
        
        


          

                    <form action="navi.php" method="post">
                <button name="Wunschliste" type="submit" class="wishlist" title="auf den Merkzettel">
                    <i class="fa fa-heart"></i>
                </button>

                                    <button type="button" data-toggle="modal" data-target="#login-box" class="wishlist" title="auf den Merkzettel">
                        <i class="fa fa-heart"></i>
                    </button>
                                <input type="hidden" name="a" value="6610">
            </form>
            </div>

    <div class="text-wrapper">
  
                            <div class="family">
                    <i class="fa fa-plus-circle"></i>
                    <span>Family<br>Points</span>
                </div>
                 
        <div class="text-wrapper-inner">
                
<span class="rating" title="Artikelbewertung: 3.5/5">

<i class="fa fa-star"></i><i class="fa fa-star"></i><i class="fa fa-star"></i><i class="fa fa-star-half"></i><i class="fa fa-star inactive"></i><i class="fa fa-star inactive"></i></span>
            <div class="product-title"><a href="Rum-Artesanal-of-Jamaica-05">Rum Artesanal of Jamaica 40% 0,5l</a></div>
            <div class="hidden-xs product-excerpt"></div>
            



    

    <div class="price_wrapper">
    
    
                                                                <div class="price text-nowrap">

                                
                <span class="price-value">13,90</span>
            </div>
                            <div class="price-note">
                                    <div class="base_price text-nowrap">
                        Grundpreis: <span class="value">27,80 € pro 1 l</span>
                    </div>
                    <div class="vat_info">
                        zzgl. <a href="/Zahlung-Versand" target="_blank">Versand</a> | inkl. MwSt.
                    </div>


                            </div>
                
    </div>



    

            <div class="delivery-status">
                                    <span class="green">Noch 13 Stück verfügbar</span>
                            </div>

            <a href="Rum-Artesanal-of-Jamaica-05" class="infolink"><i class="fa fa-info-circle"></i> Informationen zur Lebensmittel-Kennzeichnung</a>

                    </div>

        <div class="product-actions">
            <a href="Rum-Artesanal-of-Jamaica-05" class="btn btn-default button-details">Details <i class="fa fa-caret-right"></i></a>
                            <div class="btn btn-primary addarticle" data-toggle="modal" data-target="#addarticle">
                    
                </div>
                    </div>
    </div>

    <form class="buyform" id="buy_form_6610" action="navi.php" method="post">
        <input type="hidden" class="jtl_token" name="jtl_token" value="990c54f8bbd8eba034444bb458bfabee"><div class="form-group hidden">
	<label for="sp_additional_mail" class="control-label">Additional contact mail (leave blank)*</label>
	<input type="text" name="sp_additional_mail" value="" placeholder="Additional contact mail (leave blank)*" class="form-control">
</div>

        
                            <div class="quantity-wrapper">
                    <div data-changequantity="quantity6610" class="btn btn-default remove changequantity">-</div>
                    <input type="text" min="0" size="2" id="quantity6610" class="quantity form-control text-right" name="anzahl" autocomplete="off" value="1">
                    <div data-changequantity="quantity6610" class="btn btn-default add changequantity">+</div>
                    <button type="submit" class="btn btn-primary addtocart" id="submit6610" title="In den Warenkorb">
                        
                    </button>
                </div>
                    

                        <input type="hidden" name="a" value="6610">
        <input type="hidden" name="wke" value="1">
        <input type="hidden" name="overview" value="1">
        <input type="hidden" name="Sortierung" value="">
                                                                
                    
                    </form>
</div>

                    </div></div><div class="owl-item" style="width: 262.5px; margin-right: 30px;"><div class="product-slider-item">  
                        
    

	
    	
    
    


<div class="product-teaser variant familypoints">
    <div class="image-wrapper">

        

                            

        <a alt="St. Germain Elderflower Holunderblütenlikör 20% 0,7l" href="St-Germain-Elderflower-Holunderbluetenlikoer-07l"><img alt="St. Germain Elderflower Holunderblütenlikör 20% 0,7l" title="St. Germain Elderflower Holunderblütenlikör 20% 0,7l" data-src="media/image/product/4277/sm/st-germain-elderflower-holunderbluetenlikoer-07l.jpg" class="lazy" src="media/image/product/4277/sm/st-germain-elderflower-holunderbluetenlikoer-07l.jpg"></a>


                                                                                            
        
        
        
        


          

                    <form action="navi.php" method="post">
                <button name="Wunschliste" type="submit" class="wishlist" title="auf den Merkzettel">
                    <i class="fa fa-heart"></i>
                </button>

                                    <button type="button" data-toggle="modal" data-target="#login-box" class="wishlist" title="auf den Merkzettel">
                        <i class="fa fa-heart"></i>
                    </button>
                                <input type="hidden" name="a" value="4277">
            </form>
            </div>

    <div class="text-wrapper">
  
                            <div class="family">
                    <i class="fa fa-plus-circle"></i>
                    <span>Family<br>Points</span>
                </div>
                 
        <div class="text-wrapper-inner">
                
<span class="rating" title="Artikelbewertung: 4.5/5">

<i class="fa fa-star"></i><i class="fa fa-star"></i><i class="fa fa-star"></i><i class="fa fa-star"></i><i class="fa fa-star-half"></i><i class="fa fa-star inactive"></i></span>
            <div class="product-title"><a href="St-Germain-Elderflower-Holunderbluetenlikoer-07l">St. Germain Elderflower Holunderblütenlikör 20% 0,7l</a></div>
            <div class="hidden-xs product-excerpt"></div>
            



    

    <div class="price_wrapper">
    
    
                                                            <div class="instead_of old_price">
                        
                        statt 43,90*<sup><small>1</small></sup>
                    </div>
                                        <div class="price text-nowrap special-price">

                                
                <span class="price-value">33,90</span>
            </div>
                            <div class="price-note">
                                    <div class="base_price text-nowrap">
                        Grundpreis: <span class="value">48,43 € pro 1 l</span>
                    </div>
                    <div class="vat_info">
                        zzgl. <a href="/Zahlung-Versand" target="_blank">Versand</a> | inkl. MwSt.
                    </div>


                            </div>
                
    </div>



    

            <div class="delivery-status">
                                    <span class="red">Nur noch 3 Stück verfügbar</span>
                            </div>

            <a href="St-Germain-Elderflower-Holunderbluetenlikoer-07l" class="infolink"><i class="fa fa-info-circle"></i> Informationen zur Lebensmittel-Kennzeichnung</a>

                    </div>

        <div class="product-actions">
            <a href="St-Germain-Elderflower-Holunderbluetenlikoer-07l" class="btn btn-default button-details">Details <i class="fa fa-caret-right"></i></a>
                            <div class="btn btn-primary addarticle" data-toggle="modal" data-target="#addarticle">
                    
                </div>
                    </div>
    </div>

    <form class="buyform" id="buy_form_4277" action="navi.php" method="post">
        <input type="hidden" class="jtl_token" name="jtl_token" value="990c54f8bbd8eba034444bb458bfabee"><div class="form-group hidden">
	<label for="sp_additional_mail" class="control-label">Additional contact mail (leave blank)*</label>
	<input type="text" name="sp_additional_mail" value="" placeholder="Additional contact mail (leave blank)*" class="form-control">
</div>

        
                            <div class="quantity-wrapper">
                    <div data-changequantity="quantity4277" class="btn btn-default remove changequantity">-</div>
                    <input type="text" min="0" size="2" id="quantity4277" class="quantity form-control text-right" name="anzahl" autocomplete="off" value="1">
                    <div data-changequantity="quantity4277" class="btn btn-default add changequantity">+</div>
                    <button type="submit" class="btn btn-primary addtocart" id="submit4277" title="In den Warenkorb">
                        
                    </button>
                </div>
                    

                        <input type="hidden" name="a" value="4277">
        <input type="hidden" name="wke" value="1">
        <input type="hidden" name="overview" value="1">
        <input type="hidden" name="Sortierung" value="">
                                                                
                    
                    </form>
</div>

                    </div></div><div class="owl-item" style="width: 262.5px; margin-right: 30px;"><div class="product-slider-item">  
                        
    

	
    	
    
    


<div class="product-teaser variant familypoints">
    <div class="image-wrapper">

        

                            

        <a alt="Matusalem Gran Reserva 15 Solera 40% 0,7l" href="Matusalem-Gran-Reserva-15-Solera-40-07l"><img alt="Matusalem Gran Reserva 15 Solera 40% 0,7l" title="Matusalem Gran Reserva 15 Solera 40% 0,7l" data-src="media/image/product/40/sm/matusalem-gran-reserva-15-solera-40-07l.jpg" class="lazy" src="media/image/product/40/sm/matusalem-gran-reserva-15-solera-40-07l.jpg"></a>


                                                                                            
        
        
        
        


          

                    <form action="navi.php" method="post">
                <button name="Wunschliste" type="submit" class="wishlist" title="auf den Merkzettel">
                    <i class="fa fa-heart"></i>
                </button>

                                    <button type="button" data-toggle="modal" data-target="#login-box" class="wishlist" title="auf den Merkzettel">
                        <i class="fa fa-heart"></i>
                    </button>
                                <input type="hidden" name="a" value="40">
            </form>
            </div>

    <div class="text-wrapper">
  
                            <div class="family">
                    <i class="fa fa-plus-circle"></i>
                    <span>Family<br>Points</span>
                </div>
                 
        <div class="text-wrapper-inner">
                
<span class="rating" title="Artikelbewertung: 4/5">

<i class="fa fa-star"></i><i class="fa fa-star"></i><i class="fa fa-star"></i><i class="fa fa-star"></i><i class="fa fa-star inactive"></i></span>
            <div class="product-title"><a href="Matusalem-Gran-Reserva-15-Solera-40-07l">Matusalem Gran Reserva 15 Solera 40% 0,7l</a></div>
            <div class="hidden-xs product-excerpt"></div>
            



    

    <div class="price_wrapper">
    
    
                                                            <div class="instead_of old_price">
                        
                        statt 34,90*<sup><small>1</small></sup>
                    </div>
                                        <div class="price text-nowrap special-price">

                                
                <span class="price-value">28,90</span>
            </div>
                            <div class="price-note">
                                    <div class="base_price text-nowrap">
                        Grundpreis: <span class="value">41,29 € pro 1 l</span>
                    </div>
                    <div class="vat_info">
                        zzgl. <a href="/Zahlung-Versand" target="_blank">Versand</a> | inkl. MwSt.
                    </div>


                            </div>
                
    </div>



    

            <div class="delivery-status">
                                    <span class="green">Noch 18 Stück verfügbar</span>
                            </div>

            <a href="Matusalem-Gran-Reserva-15-Solera-40-07l" class="infolink"><i class="fa fa-info-circle"></i> Informationen zur Lebensmittel-Kennzeichnung</a>

                    </div>

        <div class="product-actions">
            <a href="Matusalem-Gran-Reserva-15-Solera-40-07l" class="btn btn-default button-details">Details <i class="fa fa-caret-right"></i></a>
                            <div class="btn btn-primary addarticle" data-toggle="modal" data-target="#addarticle">
                    
                </div>
                    </div>
    </div>

    <form class="buyform" id="buy_form_40" action="navi.php" method="post">
        <input type="hidden" class="jtl_token" name="jtl_token" value="990c54f8bbd8eba034444bb458bfabee"><div class="form-group hidden">
	<label for="sp_additional_mail" class="control-label">Additional contact mail (leave blank)*</label>
	<input type="text" name="sp_additional_mail" value="" placeholder="Additional contact mail (leave blank)*" class="form-control">
</div>

        
                            <div class="quantity-wrapper">
                    <div data-changequantity="quantity40" class="btn btn-default remove changequantity">-</div>
                    <input type="text" min="0" size="2" id="quantity40" class="quantity form-control text-right" name="anzahl" autocomplete="off" value="1">
                    <div data-changequantity="quantity40" class="btn btn-default add changequantity">+</div>
                    <button type="submit" class="btn btn-primary addtocart" id="submit40" title="In den Warenkorb">
                        
                    </button>
                </div>
                    

                        <input type="hidden" name="a" value="40">
        <input type="hidden" name="wke" value="1">
        <input type="hidden" name="overview" value="1">
        <input type="hidden" name="Sortierung" value="">
                                                                
                    
                    </form>
</div>

                    </div></div><div class="owl-item" style="width: 262.5px; margin-right: 30px;"><div class="product-slider-item">  
                        
    

	
    	
    
    


<div class="product-teaser variant familypoints">
    <div class="image-wrapper">

        

                            

        <a alt="Edinburgh Gin´s Raspberry Liqueur 20% 0,5l" href="Edinburgh-Gins-Raspberry-Liqueur-05l"><img alt="Edinburgh Gin´s Raspberry Liqueur 20% 0,5l" title="Edinburgh Gin´s Raspberry Liqueur 20% 0,5l" data-src="media/image/product/3224/sm/edinburgh-gins-raspberry-liqueur-05l.jpg" class="lazy" src="media/image/product/3224/sm/edinburgh-gins-raspberry-liqueur-05l.jpg"></a>


                                                        
        
        
        
        


          

                    <form action="navi.php" method="post">
                <button name="Wunschliste" type="submit" class="wishlist" title="auf den Merkzettel">
                    <i class="fa fa-heart"></i>
                </button>

                                    <button type="button" data-toggle="modal" data-target="#login-box" class="wishlist" title="auf den Merkzettel">
                        <i class="fa fa-heart"></i>
                    </button>
                                <input type="hidden" name="a" value="3224">
            </form>
            </div>

    <div class="text-wrapper">
  
                            <div class="family">
                    <i class="fa fa-plus-circle"></i>
                    <span>Family<br>Points</span>
                </div>
                 
        <div class="text-wrapper-inner">
                
<span class="rating" title="Artikelbewertung: 4/5">

<i class="fa fa-star"></i><i class="fa fa-star"></i><i class="fa fa-star"></i><i class="fa fa-star"></i><i class="fa fa-star inactive"></i></span>
            <div class="product-title"><a href="Edinburgh-Gins-Raspberry-Liqueur-05l">Edinburgh Gin´s Raspberry Liqueur 20% 0,5l</a></div>
            <div class="hidden-xs product-excerpt"></div>
            



    

    <div class="price_wrapper">
    
    
                                                                <div class="price text-nowrap">

                                
                <span class="price-value">22,90</span>
            </div>
                            <div class="price-note">
                                    <div class="base_price text-nowrap">
                        Grundpreis: <span class="value">45,80 € pro 1 l</span>
                    </div>
                    <div class="vat_info">
                        zzgl. <a href="/Zahlung-Versand" target="_blank">Versand</a> | inkl. MwSt.
                    </div>


                            </div>
                
    </div>



    

            <div class="delivery-status">
                                    <span class="green">Noch 23 Stück verfügbar</span>
                            </div>

            <a href="Edinburgh-Gins-Raspberry-Liqueur-05l" class="infolink"><i class="fa fa-info-circle"></i> Informationen zur Lebensmittel-Kennzeichnung</a>

                    </div>

        <div class="product-actions">
            <a href="Edinburgh-Gins-Raspberry-Liqueur-05l" class="btn btn-default button-details">Details <i class="fa fa-caret-right"></i></a>
                            <div class="btn btn-primary addarticle" data-toggle="modal" data-target="#addarticle">
                    
                </div>
                    </div>
    </div>

    <form class="buyform" id="buy_form_3224" action="navi.php" method="post">
        <input type="hidden" class="jtl_token" name="jtl_token" value="990c54f8bbd8eba034444bb458bfabee"><div class="form-group hidden">
	<label for="sp_additional_mail" class="control-label">Additional contact mail (leave blank)*</label>
	<input type="text" name="sp_additional_mail" value="" placeholder="Additional contact mail (leave blank)*" class="form-control">
</div>

        
                            <div class="quantity-wrapper">
                    <div data-changequantity="quantity3224" class="btn btn-default remove changequantity">-</div>
                    <input type="text" min="0" size="2" id="quantity3224" class="quantity form-control text-right" name="anzahl" autocomplete="off" value="1">
                    <div data-changequantity="quantity3224" class="btn btn-default add changequantity">+</div>
                    <button type="submit" class="btn btn-primary addtocart" id="submit3224" title="In den Warenkorb">
                        
                    </button>
                </div>
                    

                        <input type="hidden" name="a" value="3224">
        <input type="hidden" name="wke" value="1">
        <input type="hidden" name="overview" value="1">
        <input type="hidden" name="Sortierung" value="">
                                                                
                    
                    </form>
</div>

                    </div></div><div class="owl-item cloned" style="width: 262.5px; margin-right: 30px;"><div class="product-slider-item">  
                        
    

	
    	
    
    


<div class="product-teaser variant familypoints">
    <div class="image-wrapper">

        

                            

        <a alt="Rum Artesanal Ron Dominicano 8 Jahre 40% 0,5l" href="Rum-Artesanal-Ron-Dominicano-8-Jahre-07l"><img alt="Rum Artesanal Ron Dominicano 8 Jahre 40% 0,5l" title="Rum Artesanal Ron Dominicano 8 Jahre 40% 0,5l" data-src="media/image/product/8488/sm/rum-artesanal-ron-dominicano-8-jahre-07l.jpg" class="lazy" src="media/image/product/8488/sm/rum-artesanal-ron-dominicano-8-jahre-07l.jpg"></a>


                                                                                            
        
        
        
        


          

                    <form action="navi.php" method="post">
                <button name="Wunschliste" type="submit" class="wishlist" title="auf den Merkzettel">
                    <i class="fa fa-heart"></i>
                </button>

                                    <button type="button" data-toggle="modal" data-target="#login-box" class="wishlist" title="auf den Merkzettel">
                        <i class="fa fa-heart"></i>
                    </button>
                                <input type="hidden" name="a" value="8488">
            </form>
            </div>

    <div class="text-wrapper">
  
                            <div class="family">
                    <i class="fa fa-plus-circle"></i>
                    <span>Family<br>Points</span>
                </div>
                 
        <div class="text-wrapper-inner">
                
<span class="rating" title="Artikelbewertung: 4/5">

<i class="fa fa-star"></i><i class="fa fa-star"></i><i class="fa fa-star"></i><i class="fa fa-star"></i><i class="fa fa-star inactive"></i></span>
            <div class="product-title"><a href="Rum-Artesanal-Ron-Dominicano-8-Jahre-07l">Rum Artesanal Ron Dominicano 8 Jahre 40% 0,5l</a></div>
            <div class="hidden-xs product-excerpt"></div>
            



    

    <div class="price_wrapper">
    
    
                                                            <div class="instead_of old_price">
                        
                        statt 26,50*<sup><small>1</small></sup>
                    </div>
                                        <div class="price text-nowrap special-price">

                                
                <span class="price-value">17,50</span>
            </div>
                            <div class="price-note">
                                    <div class="base_price text-nowrap">
                        Grundpreis: <span class="value">35,00 € pro 1 l</span>
                    </div>
                    <div class="vat_info">
                        zzgl. <a href="/Zahlung-Versand" target="_blank">Versand</a> | inkl. MwSt.
                    </div>


                            </div>
                
    </div>



    

            <div class="delivery-status">
                                    <span class="green">Mehr als 50 Stück verfügbar</span>
                            </div>

            <a href="Rum-Artesanal-Ron-Dominicano-8-Jahre-07l" class="infolink"><i class="fa fa-info-circle"></i> Informationen zur Lebensmittel-Kennzeichnung</a>

                    </div>

        <div class="product-actions">
            <a href="Rum-Artesanal-Ron-Dominicano-8-Jahre-07l" class="btn btn-default button-details">Details <i class="fa fa-caret-right"></i></a>
                            <div class="btn btn-primary addarticle" data-toggle="modal" data-target="#addarticle">
                    
                </div>
                    </div>
    </div>

    <form class="buyform" id="buy_form_8488" action="navi.php" method="post">
        <input type="hidden" class="jtl_token" name="jtl_token" value="990c54f8bbd8eba034444bb458bfabee"><div class="form-group hidden">
	<label for="sp_additional_mail" class="control-label">Additional contact mail (leave blank)*</label>
	<input type="text" name="sp_additional_mail" value="" placeholder="Additional contact mail (leave blank)*" class="form-control">
</div>

        
                            <div class="quantity-wrapper">
                    <div data-changequantity="quantity8488" class="btn btn-default remove changequantity">-</div>
                    <input type="text" min="0" size="2" id="quantity8488" class="quantity form-control text-right" name="anzahl" autocomplete="off" value="1">
                    <div data-changequantity="quantity8488" class="btn btn-default add changequantity">+</div>
                    <button type="submit" class="btn btn-primary addtocart" id="submit8488" title="In den Warenkorb">
                        
                    </button>
                </div>
                    

                        <input type="hidden" name="a" value="8488">
        <input type="hidden" name="wke" value="1">
        <input type="hidden" name="overview" value="1">
        <input type="hidden" name="Sortierung" value="">
                                                                
                    
                    </form>
</div>

                    </div></div><div class="owl-item cloned" style="width: 262.5px; margin-right: 30px;"><div class="product-slider-item">  
                        
    

	
    	
    
    


<div class="product-teaser variant familypoints">
    <div class="image-wrapper">

        

                            

        <a alt="Edinburgh Gin´s Plum &amp; Vanilla Liqueur 20% 0,5l" href="Edinburgh-Plum-Vanilla-Gin-05l"><img alt="Edinburgh Gin´s Plum &amp; Vanilla Liqueur 20% 0,5l" title="Edinburgh Gin´s Plum &amp; Vanilla Liqueur 20% 0,5l" data-src="media/image/product/7693/sm/edinburgh-plum-vanilla-gin-05l.jpg" class="lazy" src="media/image/product/7693/sm/edinburgh-plum-vanilla-gin-05l.jpg"></a>


                                                                                            
        
        
        
        


          

                    <form action="navi.php" method="post">
                <button name="Wunschliste" type="submit" class="wishlist" title="auf den Merkzettel">
                    <i class="fa fa-heart"></i>
                </button>

                                    <button type="button" data-toggle="modal" data-target="#login-box" class="wishlist" title="auf den Merkzettel">
                        <i class="fa fa-heart"></i>
                    </button>
                                <input type="hidden" name="a" value="7693">
            </form>
            </div>

    <div class="text-wrapper">
  
                            <div class="family">
                    <i class="fa fa-plus-circle"></i>
                    <span>Family<br>Points</span>
                </div>
                 
        <div class="text-wrapper-inner">
                
<span class="rating" title="Artikelbewertung: 5/5">

<i class="fa fa-star"></i><i class="fa fa-star"></i><i class="fa fa-star"></i><i class="fa fa-star"></i><i class="fa fa-star"></i></span>
            <div class="product-title"><a href="Edinburgh-Plum-Vanilla-Gin-05l">Edinburgh Gin´s Plum &amp; Vanilla Liqueur 20% 0,5l</a></div>
            <div class="hidden-xs product-excerpt"></div>
            



    

    <div class="price_wrapper">
    
    
                                                            <div class="instead_of old_price">
                        
                        statt 22,90*<sup><small>1</small></sup>
                    </div>
                                        <div class="price text-nowrap special-price">

                                
                <span class="price-value">17,90</span>
            </div>
                            <div class="price-note">
                                    <div class="base_price text-nowrap">
                        Grundpreis: <span class="value">35,80 € pro 1 l</span>
                    </div>
                    <div class="vat_info">
                        zzgl. <a href="/Zahlung-Versand" target="_blank">Versand</a> | inkl. MwSt.
                    </div>


                            </div>
                
    </div>



    

            <div class="delivery-status">
                                    <span class="green">Noch 15 Stück verfügbar</span>
                            </div>

            <a href="Edinburgh-Plum-Vanilla-Gin-05l" class="infolink"><i class="fa fa-info-circle"></i> Informationen zur Lebensmittel-Kennzeichnung</a>

                    </div>

        <div class="product-actions">
            <a href="Edinburgh-Plum-Vanilla-Gin-05l" class="btn btn-default button-details">Details <i class="fa fa-caret-right"></i></a>
                            <div class="btn btn-primary addarticle" data-toggle="modal" data-target="#addarticle">
                    
                </div>
                    </div>
    </div>

    <form class="buyform" id="buy_form_7693" action="navi.php" method="post">
        <input type="hidden" class="jtl_token" name="jtl_token" value="990c54f8bbd8eba034444bb458bfabee"><div class="form-group hidden">
	<label for="sp_additional_mail" class="control-label">Additional contact mail (leave blank)*</label>
	<input type="text" name="sp_additional_mail" value="" placeholder="Additional contact mail (leave blank)*" class="form-control">
</div>

        
                            <div class="quantity-wrapper">
                    <div data-changequantity="quantity7693" class="btn btn-default remove changequantity">-</div>
                    <input type="text" min="0" size="2" id="quantity7693" class="quantity form-control text-right" name="anzahl" autocomplete="off" value="1">
                    <div data-changequantity="quantity7693" class="btn btn-default add changequantity">+</div>
                    <button type="submit" class="btn btn-primary addtocart" id="submit7693" title="In den Warenkorb">
                        
                    </button>
                </div>
                    

                        <input type="hidden" name="a" value="7693">
        <input type="hidden" name="wke" value="1">
        <input type="hidden" name="overview" value="1">
        <input type="hidden" name="Sortierung" value="">
                                                                
                    
                    </form>
</div>

                    </div></div><div class="owl-item cloned" style="width: 262.5px; margin-right: 30px;"><div class="product-slider-item">  
                        
    

	
    	
    	
    	
    	
    	
    	
    	
    
    


<div class="product-teaser variant familypoints">
    <div class="image-wrapper">

        

                            

        <a alt="Mein TASTINGBOOK von Rum &amp; Co" href="mein-tastingbook-von-rum-co"><img alt="Mein TASTINGBOOK von Rum &amp; Co" title="Mein TASTINGBOOK von Rum &amp; Co" data-src="media/image/product/9684/sm/mein-tastingbook-von-rum-co.jpg" class="lazy" src="media/image/product/9684/sm/mein-tastingbook-von-rum-co.jpg"></a>


                                                        
        
        
        
        


          

                    <form action="navi.php" method="post">
                <button name="Wunschliste" type="submit" class="wishlist" title="auf den Merkzettel">
                    <i class="fa fa-heart"></i>
                </button>

                                    <button type="button" data-toggle="modal" data-target="#login-box" class="wishlist" title="auf den Merkzettel">
                        <i class="fa fa-heart"></i>
                    </button>
                                <input type="hidden" name="a" value="9684">
            </form>
            </div>

    <div class="text-wrapper">
  
                            <div class="family">
                    <i class="fa fa-plus-circle"></i>
                    <span>Family<br>Points</span>
                </div>
                 
        <div class="text-wrapper-inner">
                
<span class="rating" title="Artikelbewertung: 5/5">

<i class="fa fa-star"></i><i class="fa fa-star"></i><i class="fa fa-star"></i><i class="fa fa-star"></i><i class="fa fa-star"></i></span>
            <div class="product-title"><a href="mein-tastingbook-von-rum-co">Mein TASTINGBOOK von Rum &amp; Co</a></div>
            <div class="hidden-xs product-excerpt">
<br><br>
<ul class="tick tick-green">
<li>5 einfache Tipps für ein gelungenes Tasting</li>
<li>18 Verkostungsbeispiele</li>
<li>über 70 Seiten für deine Verkostungsnotizen</li>
<li>Aromenkunde inkl. Tasting-Wheel in Farbe</li>
</ul>
<br>

</div>
            



    

    <div class="price_wrapper">
    
    
                                                                <div class="price text-nowrap">

                                
                <span class="price-value">4,95</span>
            </div>
                            <div class="price-note">
                                    <div class="base_price text-nowrap">
                        Grundpreis: <span class="value">4,95 € pro 1 Stück</span>
                    </div>
                    <div class="vat_info">
                        zzgl. <a href="/Zahlung-Versand" target="_blank">Versand</a> | inkl. MwSt.
                    </div>


                            </div>
                
    </div>



    

            <div class="delivery-status">
                                    <span class="green">Mehr als 50 Stück verfügbar</span>
                            </div>

            <a href="mein-tastingbook-von-rum-co" class="infolink"><i class="fa fa-info-circle"></i> Informationen zur Lebensmittel-Kennzeichnung</a>

                    </div>

        <div class="product-actions">
            <a href="mein-tastingbook-von-rum-co" class="btn btn-default button-details">Details <i class="fa fa-caret-right"></i></a>
                            <div class="btn btn-primary addarticle" data-toggle="modal" data-target="#addarticle">
                    
                </div>
                    </div>
    </div>

    <form class="buyform" id="buy_form_9684" action="navi.php" method="post">
        <input type="hidden" class="jtl_token" name="jtl_token" value="990c54f8bbd8eba034444bb458bfabee"><div class="form-group hidden">
	<label for="sp_additional_mail" class="control-label">Additional contact mail (leave blank)*</label>
	<input type="text" name="sp_additional_mail" value="" placeholder="Additional contact mail (leave blank)*" class="form-control">
</div>

        
                            <div class="quantity-wrapper">
                    <div data-changequantity="quantity9684" class="btn btn-default remove changequantity">-</div>
                    <input type="text" min="0" size="2" id="quantity9684" class="quantity form-control text-right" name="anzahl" autocomplete="off" value="1">
                    <div data-changequantity="quantity9684" class="btn btn-default add changequantity">+</div>
                    <button type="submit" class="btn btn-primary addtocart" id="submit9684" title="In den Warenkorb">
                        
                    </button>
                </div>
                    

                        <input type="hidden" name="a" value="9684">
        <input type="hidden" name="wke" value="1">
        <input type="hidden" name="overview" value="1">
        <input type="hidden" name="Sortierung" value="">
                                                                
                    
                    </form>
</div>

                    </div></div><div class="owl-item cloned" style="width: 262.5px; margin-right: 30px;"><div class="product-slider-item">  
                        
    

	
    	
    	
    
    


<div class="product-teaser variant familypoints">
    <div class="image-wrapper">

        

                            

        <a alt="RumChata Creamlikör 15% 0,7l" href="RumChata-Creamlikoer-07l"><img alt="RumChata Creamlikör 15% 0,7l" title="RumChata Creamlikör 15% 0,7l" data-src="media/image/product/7988/sm/rumchata-creamlikoer-07l.jpg" class="lazy" src="media/image/product/7988/sm/rumchata-creamlikoer-07l.jpg"></a>


                                                        
        
        
        
        


          

                    <form action="navi.php" method="post">
                <button name="Wunschliste" type="submit" class="wishlist" title="auf den Merkzettel">
                    <i class="fa fa-heart"></i>
                </button>

                                    <button type="button" data-toggle="modal" data-target="#login-box" class="wishlist" title="auf den Merkzettel">
                        <i class="fa fa-heart"></i>
                    </button>
                                <input type="hidden" name="a" value="7988">
            </form>
            </div>

    <div class="text-wrapper">
  
                            <div class="family">
                    <i class="fa fa-plus-circle"></i>
                    <span>Family<br>Points</span>
                </div>
                 
        <div class="text-wrapper-inner">
                
<span class="rating" title="Artikelbewertung: 4/5">

<i class="fa fa-star"></i><i class="fa fa-star"></i><i class="fa fa-star"></i><i class="fa fa-star"></i><i class="fa fa-star inactive"></i></span>
            <div class="product-title"><a href="RumChata-Creamlikoer-07l">RumChata Creamlikör 15% 0,7l</a></div>
            <div class="hidden-xs product-excerpt"></div>
            



    

    <div class="price_wrapper">
    
    
                                                                <div class="price text-nowrap">

                                
                <span class="price-value">15,90</span>
            </div>
                            <div class="price-note">
                                    <div class="base_price text-nowrap">
                        Grundpreis: <span class="value">22,71 € pro 1 l</span>
                    </div>
                    <div class="vat_info">
                        zzgl. <a href="/Zahlung-Versand" target="_blank">Versand</a> | inkl. MwSt.
                    </div>


                            </div>
                
    </div>



    

            <div class="delivery-status">
                                    <span class="green">Mehr als 50 Stück verfügbar</span>
                            </div>

            <a href="RumChata-Creamlikoer-07l" class="infolink"><i class="fa fa-info-circle"></i> Informationen zur Lebensmittel-Kennzeichnung</a>

                    </div>

        <div class="product-actions">
            <a href="RumChata-Creamlikoer-07l" class="btn btn-default button-details">Details <i class="fa fa-caret-right"></i></a>
                            <div class="btn btn-primary addarticle" data-toggle="modal" data-target="#addarticle">
                    
                </div>
                    </div>
    </div>

    <form class="buyform" id="buy_form_7988" action="navi.php" method="post">
        <input type="hidden" class="jtl_token" name="jtl_token" value="990c54f8bbd8eba034444bb458bfabee"><div class="form-group hidden">
	<label for="sp_additional_mail" class="control-label">Additional contact mail (leave blank)*</label>
	<input type="text" name="sp_additional_mail" value="" placeholder="Additional contact mail (leave blank)*" class="form-control">
</div>

        
                            <div class="quantity-wrapper">
                    <div data-changequantity="quantity7988" class="btn btn-default remove changequantity">-</div>
                    <input type="text" min="0" size="2" id="quantity7988" class="quantity form-control text-right" name="anzahl" autocomplete="off" value="1">
                    <div data-changequantity="quantity7988" class="btn btn-default add changequantity">+</div>
                    <button type="submit" class="btn btn-primary addtocart" id="submit7988" title="In den Warenkorb">
                        
                    </button>
                </div>
                    

                        <input type="hidden" name="a" value="7988">
        <input type="hidden" name="wke" value="1">
        <input type="hidden" name="overview" value="1">
        <input type="hidden" name="Sortierung" value="">
                                                                
                    
                    </form>
</div>

                    </div></div></div></div><div class="owl-controls"><div class="owl-nav"><div class="owl-prev" style=""></div><div class="owl-next" style=""></div></div><div style="display: none;" class="owl-dots"></div></div></div>
    </div>














      
        <div class="einleitung visible-xs">
            <div class="container">
                
<h2>Ron Santisima Trinidad 15 Jahre Rum de Cuba</h2> 

<p> Auf den ersten Blick mag der Ron Santisima Trinidad 15 Jahre Rum de Cuba ein wenig verwirrend sein. Immerhin erwähnt er in einem Atemzug sowohl Trinidad als auch Kuba, kommt aber nur von einer dieser Karibikinseln. Der Titel entschlüsselt sich, wenn man die spanische Sprache berücksichtigt. So bedeutet der Ausdruck "santísima trinidad" nämlich Heilige Dreifaltigkeit und hat mit dem Inselstaat Trinidad &amp; Tobago nichts zu tun. Die Heimat der Spirituose ist eine kubanische Brennerei, und auch die Lagerung erfolgt in jenem Land unter traditionellen Bedingungen, durch einen echten "maestro ronero" überwacht. Was kennzeichnet den Rum aus Kuba mit dem interessanten Namen noch?

 </p>
            </div>
        </div>
    
    <div class="container visible-xs">
                    <a class="toggle-collapse" data-toggle="collapse" href="#table-collapse">Details</a>
            <div class="detail-table collapse in" id="table-collapse">
                    
    
    

<div class="product-attributes">
    <div class="table-responsive">
        <table>
            <tbody>
                                                    <tr class="attr-contents visible-xs">
                        <th class="attr-label">Marke: </th>
                        <td class="attr-value"><a href="santisima">Santisima</a></td>
                    </tr>
                
                <tr class="attr-contents visible-xs">
                    <th class="attr-label">Artikelnummer: </th>
                    <td class="attr-value">12928-2-09-4-14</td>
                </tr>

                
                                    <tr class="attr-contents">
                        <th class="attr-label">Inhalt: </th>
                        <td class="attr-value">0.7 l</td>
                    </tr>
                
                
                                                                                                                                <tr class="attr-characteristic">
                            <th class="attr-label">
                                Alkoholgehalt in Vol. %:
                            </th>
                             <td class="attr-value">
<span class="value">40,7</span>
                            </td>
                        </tr>
                                                                                                                                                                                                                                                                                                                                                                                                                                                                                                                                                                                                                                                                                                                                                                                                                        
                
                
                                                                                                                                                                            <tr class="attr-characteristic hidden-xs">
                            <th class="attr-label">
                                Herkunftsland:
                            </th>
                             <td class="attr-value">
<span class="value"><a href="kuba">Kuba</a> </span>
                            </td>
                        </tr>
                                                                                                                                                                                                                                                                                                                                                                                                                                                                                                                                                                                                                                                                                                                                                                            
                
                
                                                                                                                                                                                                                                                                                                                                                                                                                                                                                                                                                                                                                                                                                                                                                                                                                                                                <tr class="attr-characteristic">
                            <th class="attr-label">
                                (Bezeichnungs)Alter:
                            </th>
                             <td class="attr-value">
<span class="value"><a href="15">15 Jahre</a> </span>
                            </td>
                        </tr>
                                                                                        
                










                                                                    <tr class="attr-characteristic">
                            <th class="attr-label">
                                Rum Farbe:
                            </th>
                             <td class="attr-value">
<span class="value"><a href="Gold-Dunkel">Gold - Dunkel</a></span>
                            </td>
                        </tr>
                                                                                                                                                                                    <tr class="attr-characteristic">
                            <th class="attr-label">
                                Rum Art:
                            </th>
                             <td class="attr-value">
<span class="value"><a href="Melasse_1">Melasse</a></span>
                            </td>
                        </tr>
                                                                                                                                        <tr class="attr-characteristic">
                            <th class="attr-label">
                                enthält Farbstoff:
                            </th>
                             <td class="attr-value">
<span class="value">nein</span>
                            </td>
                        </tr>
                                                                                            <tr class="attr-characteristic">
                            <th class="attr-label">
                                Herstellung:
                            </th>
                             <td class="attr-value">
<span class="value"><a href="Blend-Single-Rum-Blend-aus-einer-Destille">Blend: Single Rum (Blend aus einer Destille)</a></span>
                            </td>
                        </tr>
                                                                                                                                                                                                                                                                                                                                                                                                                                                                                                                                                                                            



               




                
                                    <tr class="attr-weight">
                        <th class="attr-label">Versandgewicht: </th>
                        <td class="attr-value">1,40 kg</td>
                    </tr>
                
                                                                                                                                                                                                                                                                                                                                                                                                                                                                                                                                                                                                                                                                                                                                                                                                                                                                                                        
                











                



     

                
                
                

                


            </tbody>
        </table>



           



        
    </div>
</div>

            </div>
                <div class="frage-zum-produkt-neu">
            <div class="h3">Du hast Fragen zu diesem Produkt?</div>
            <a class="btn btn-block btn-blue btn-rounded" href="Kontaktformular?kbetreff=kontakt-produkt&amp;artikelname=Ron%20Santisima%20Trinidad%2015%20Jahre%20Rum%20de%20Cuba%2040,7%25%200,7l&amp;artikelnummer=12928-2-09-4-14&amp;artikelurl=ron-santisima-trinidad-15-jahre-rum-de-cuba-07l">Frage stellen</a>
            <a href="/Produktempfehlungen" class="iconteaser">
                <div class="icon blue">
                    
                </div>
                <h3>Produktempfehlungen</h3>
                <p>Wir geben Hilfestellung zu unserem Sortiment</p>
            </a>
        </div>
    </div>





    

        <div class="einleitung hidden-xs">
        <div class="container">
                            
<h2>Ron Santisima Trinidad 15 Jahre Rum de Cuba</h2> 

<p> Auf den ersten Blick mag der Ron Santisima Trinidad 15 Jahre Rum de Cuba ein wenig verwirrend sein. Immerhin erwähnt er in einem Atemzug sowohl Trinidad als auch Kuba, kommt aber nur von einer dieser Karibikinseln. Der Titel entschlüsselt sich, wenn man die spanische Sprache berücksichtigt. So bedeutet der Ausdruck "santísima trinidad" nämlich Heilige Dreifaltigkeit und hat mit dem Inselstaat Trinidad &amp; Tobago nichts zu tun. Die Heimat der Spirituose ist eine kubanische Brennerei, und auch die Lagerung erfolgt in jenem Land unter traditionellen Bedingungen, durch einen echten "maestro ronero" überwacht. Was kennzeichnet den Rum aus Kuba mit dem interessanten Namen noch?

 </p>
                    </div>
    </div>
    


    <div class="experts">
        <div class="container">
            <a class="toggle-collapse visible-xs" href="#experts-collapse">Expertenbewertung</a>
            <div class="collapse collapse-xs in" id="experts-collapse" aria-expanded="true">
                <div class="row">
                    
                    <div class="col-xs-12 col-sm-8 col-sm-push-4">
                                                                            <div class="h2 hidden-xs">Rum &amp; Co Expertenbewertung</div>
                            <div class="experts-rating">
<span class="experts-rating-value">4.5</span>/5</div>                    
                            <div class="clearfix"></div>

                                                                                                                                            
                            <div class="nosing">
                                <ul class="legend saeulen hidden-xs">
                                    <li>Dominant</li>
                                    <li>Kräftig</li>
                                    <li>Mittel</li>
                                    <li>Schwach</li>
                                    <li>Gar nicht</li>
                                </ul>
                                <div class="taste-profile saeulen">
                                    <div class="saeulen-wrap with-rauch">
                                        <div class="taste taste-suesse">
                                            <div class="taste-meter">
                                                <div class="taste-meter-fill val1" style="width: 20%; height: 20%">
                                                    <span class="taste-label">Süße</span>
                                                    <span class="taste-rating"><span class="taste-rating-value">1</span>/5</span>
                                                </div>
                                            </div>
                                        </div>
                                        <div class="taste taste-wuerze">
                                            <div class="taste-meter">
                                                <div class="taste-meter-fill val3" style="width: 60%; height: 60%">
                                                    <span class="taste-label">Würze</span>
                                                    <span class="taste-rating"><span class="taste-rating-value">3</span>/5</span>
                                                </div>
                                            </div>
                                        </div>
                                        <div class="taste taste-frucht">
                                            <div class="taste-meter">
                                                <div class="taste-meter-fill val2" style="width: 40%; height: 40%">
                                                    <span class="taste-label">Frucht</span>
                                                    <span class="taste-rating"><span class="taste-rating-value">2</span>/5</span>
                                                </div>
                                            </div>
                                        </div>
                                        <div class="taste taste-milde">
                                            <div class="taste-meter">
                                                <div class="taste-meter-fill val4" style="width: 80%; height: 80%">
                                                    <span class="taste-label">Milde</span>
                                                    <span class="taste-rating"><span class="taste-rating-value">4</span>/5</span>
                                                </div>
                                            </div>
                                        </div>
                                                                                <div class="taste taste-rauch">
                                            <div class="taste-meter">
                                                <div class="taste-meter-fill val2" style="width: 40%; height: 40%">
                                                    <span class="taste-label">Rauch</span>
                                                    <span class="taste-rating"><span class="taste-rating-value">2</span>/5</span>
                                                </div>
                                            </div>
                                        </div>
                                                                            </div>
                                </div>
                                <div class="clearfix"></div>
                            </div>


                            

                                            </div>
                    <div class="col-xs-12 col-sm-4 col-sm-pull-8">

                            <div class="frage-zum-produkt-neu hidden-xs">
                                <div class="h3">Du hast Fragen zu diesem Produkt?</div>
                                <a class="btn btn-block btn-blue btn-rounded" href="Kontaktformular?kbetreff=kontakt-produkt&amp;artikelname=Ron%20Santisima%20Trinidad%2015%20Jahre%20Rum%20de%20Cuba%2040,7%25%200,7l&amp;artikelnummer=12928-2-09-4-14&amp;artikelurl=ron-santisima-trinidad-15-jahre-rum-de-cuba-07l">Frage stellen</a>
                                <a href="/Produktempfehlungen" class="iconteaser">
                                    <div class="icon blue">
                                        
                                    </div>
                                    <h3>Produktempfehlungen</h3>
                                    <p>Wir geben Hilfestellung zu unserem Sortiment</p>
                                </a>
                            </div>
           
                    
                    </div>
                </div>
            </div>
        </div>
    </div>


    <div class="container">
                                                    <div class="row">
                    <div class="col-md-6 col-xs-12">
                        <a class="toggle-collapse visible-xs" data-toggle="collapse" href="#description-collapse" aria-expanded="true">Beschreibung</a>
                        <div class="desc collapse in collapse-xs" id="description-collapse" aria-expanded="true">
                            <p>Der feine Ron Santisima Trinidad 15 Jahre Rum de Cuba konnte nach der Destillation aus Melasse (aus Zuckerrohr gewonnen) deutlich länger reifen, als dies sonst bei Rum aus der Karibik der Fall ist. Die Destillerie hat ihn in Fässer aus amerikanischer Weißeiche gefüllt, in denen zuvor Bourbon Whiskey abgefüllt war. Darin lagerte der edle Tropfen stolze 15 Jahre lang, was sich auf seine Farbe genauso ausgewirkt hat wie auf den Rest seines Charakters. Der mahagonifarbene bis rötlich bräunlich funkelnde Ron Santisima Trinidad 15 Jahre Rum de Cuba zählt schon allein mit seinem hohen Reifegrad und seiner ebenso hohen Qualität zu den Premium-Produkten. Er hat es verdient, in aller Ruhe pur genossen zu werden.</p>
<h3>Produktinformationen zum Ron Santisima Trinidad 15 Jahre Rum de Cuba:</h3>
<p>Im Hinblick auf das Aroma und den Geschmack zeigt sich der Ron Santisima Trinidad 15 Jahre Rum de Cuba von der anspruchsvollen Seite. Komplex und aussagekräftig, aber auch harmonisch und weich, wickelt er den Genießer um den Finger und lehnt ihn zum Entspannen ein. Der vielschichtige Kuba Rum offenbart neben süßen Noten von Vanille und Karamell noch einen nussigen Beiklang von feinherben Mandeln. Darüber hinaus umgarnt der voluminöse, herrlich exotische Ron Santisima Trinidad 15 Jahre Rum de Cuba die Sinne mit Untertönen von Eiche und Würze. Kokosnuss gesellt sich im sanften, runden Abgang hinzu.</p>
<p>Herkunft des Ron Santisima Trinidad 15 Jahre Rum de Cuba: Kuba <br>Alkoholgehalt: 40,7% Vol <br>Inhalt: 0,7l </p>
<h4>Lebensmittelunternehmer:</h4>
<p>Capulet &amp; Montague Ltd <br>Karcherstraße 22 <br>66111 Saarbrücken <br>Deutschland </p>
                        </div>
                    </div>
                    <div class="col-xs-12 col-md-6">
                        <div class="detail-table hidden-xs">   
                                
    
    

<div class="product-attributes">
    <div class="table-responsive">
        <table>
            <tbody>
                                                    <tr class="attr-contents visible-xs">
                        <th class="attr-label">Marke: </th>
                        <td class="attr-value"><a href="santisima">Santisima</a></td>
                    </tr>
                
                <tr class="attr-contents visible-xs">
                    <th class="attr-label">Artikelnummer: </th>
                    <td class="attr-value">12928-2-09-4-14</td>
                </tr>

                
                                    <tr class="attr-contents">
                        <th class="attr-label">Inhalt: </th>
                        <td class="attr-value">0.7 l</td>
                    </tr>
                
                
                                                                                                                                <tr class="attr-characteristic">
                            <th class="attr-label">
                                Alkoholgehalt in Vol. %:
                            </th>
                             <td class="attr-value">
<span class="value">40,7</span>
                            </td>
                        </tr>
                                                                                                                                                                                                                                                                                                                                                                                                                                                                                                                                                                                                                                                                                                                                                                                                                        
                
                
                                                                                                                                                                            <tr class="attr-characteristic hidden-xs">
                            <th class="attr-label">
                                Herkunftsland:
                            </th>
                             <td class="attr-value">
<span class="value"><a href="kuba">Kuba</a> </span>
                            </td>
                        </tr>
                                                                                                                                                                                                                                                                                                                                                                                                                                                                                                                                                                                                                                                                                                                                                                            
                
                
                                                                                                                                                                                                                                                                                                                                                                                                                                                                                                                                                                                                                                                                                                                                                                                                                                                                <tr class="attr-characteristic">
                            <th class="attr-label">
                                (Bezeichnungs)Alter:
                            </th>
                             <td class="attr-value">
<span class="value"><a href="15">15 Jahre</a> </span>
                            </td>
                        </tr>
                                                                                        
                










                                                                    <tr class="attr-characteristic">
                            <th class="attr-label">
                                Rum Farbe:
                            </th>
                             <td class="attr-value">
<span class="value"><a href="Gold-Dunkel">Gold - Dunkel</a></span>
                            </td>
                        </tr>
                                                                                                                                                                                    <tr class="attr-characteristic">
                            <th class="attr-label">
                                Rum Art:
                            </th>
                             <td class="attr-value">
<span class="value"><a href="Melasse_1">Melasse</a></span>
                            </td>
                        </tr>
                                                                                                                                        <tr class="attr-characteristic">
                            <th class="attr-label">
                                enthält Farbstoff:
                            </th>
                             <td class="attr-value">
<span class="value">nein</span>
                            </td>
                        </tr>
                                                                                            <tr class="attr-characteristic">
                            <th class="attr-label">
                                Herstellung:
                            </th>
                             <td class="attr-value">
<span class="value"><a href="Blend-Single-Rum-Blend-aus-einer-Destille">Blend: Single Rum (Blend aus einer Destille)</a></span>
                            </td>
                        </tr>
                                                                                                                                                                                                                                                                                                                                                                                                                                                                                                                                                                                            



               




                
                                    <tr class="attr-weight">
                        <th class="attr-label">Versandgewicht: </th>
                        <td class="attr-value">1,40 kg</td>
                    </tr>
                
                                                                                                                                                                                                                                                                                                                                                                                                                                                                                                                                                                                                                                                                                                                                                                                                                                                                                                        
                











                



     

                
                
                

                


            </tbody>
        </table>



           



        
    </div>
</div>

                        </div>
                        <div id="dropper-content"></div>
                    </div>
                </div>
                        </div>


    <div class="detail-bewertungen">
        <div class="container">
            <a class="visible-xs h2 title toggle-collapse" href="#bewertungen-collapse"><span>Kundenbewertungen</span></a>
            <div class="hidden-xs h2 title"><span>Kundenbewertungen</span></div>
            <div class="collapse in collapse-xs" id="bewertungen-collapse" aria-expanded="true">
                <div class="row">
                                                                        <div class="col-sm-6 col-md-3">
                                <div class="bewertung">
                                
                                
                                
                                <div class="avatar">
                                                                            <img class="profile" src="/bilder/user/default.gif">
                                    
                                                                            <img class="badge-premium" src="/bilder/user/badge-none-s.png">
                                                                    </div>
                                    <p>
                                        <span class="name">
                                                                                            Manuel S
                                                                                    </span>
                                            
<span class="rating" title="Artikelbewertung: 3/5">

<i class="fa fa-star"></i><i class="fa fa-star"></i><i class="fa fa-star"></i><i class="fa fa-star inactive"></i><i class="fa fa-star inactive"></i></span>
                                    </p>
                                    <div class="bewertung-text">
                                        <p><b>Etwas too much</b></p>
                                        <p>Entweder ist die Flasche um oder sowohl der Geruch als auch der Abgang sind stark mit Rosenaroma durchzogen. Der Geschmack ist...</p>
                                    </div>
                                </div>
                            </div>
                            <div class="col-sm-6 col-md-3">
                                <div class="bewertung">
                                    
                                    
                                    
                                    <div class="avatar">
                                                                            <img class="profile" src="/bilder/user/default.gif">
                                                                                                                    <img class="badge-premium" src="/bilder/user/badge-none-s.png">
                                                                            </div>
                                    <p>
                                        <span class="name">
                                                                                            René H
                                                                                    </span>
            
                                            
<span class="rating" title="Artikelbewertung: 5/5">

<i class="fa fa-star"></i><i class="fa fa-star"></i><i class="fa fa-star"></i><i class="fa fa-star"></i><i class="fa fa-star"></i></span>
                                    </p>
                                    <div class="bewertung-text">
                                        <p><b>Leckerer Allrounder</b></p>
                                        <p>Dieser Rum sollte 15 bis 20 min vor dem Genuss eingeschenkt werden und für meinen Geschmack etwas wärmer getrunken...</p>
                                    </div>
                                </div>
                            </div>
                                                
                        
                                
    <div class="col-sm-6 col-md-3">        
            <div class="taste-header">
                                <div class="taste mittorf">
                                                                                                                                                                
                                                
                                <div class="taste-meter taste-suesse">
                                    <span class="taste-label">Süße</span>
                                    <span class="taste-rating-value">10</span>
                                    <div class="taste-meter-fill" style="height: 10%; width: 10%"></div>
                                </div>
                    
                                                                                                                                                                                                                            

                                                                                                                                                                                                                                                        
                                            
                                <div class="taste-meter taste-wuerze">
                                    <span class="taste-label">Würze</span>
                                    <span class="taste-rating-value">80</span>
                                    <div class="taste-meter-fill" style="height: 80%; width: 80%"></div>
                                </div>
                    
                                                                                                                                    

                                                                                                                                                                                                                                    
                                            
                                <div class="taste-meter taste-milde">
                                    <span class="taste-label">Milde</span>
                                    <span class="taste-rating-value">20</span>
                                    <div class="taste-meter-fill" style="height: 20%; width: 20%"></div>
                                </div>
                
                                                                                                                                                                                

                                                                                                                                                                                                                                                                                                    
                                                  
                                <div class="taste-meter taste-frucht">
                                    <span class="taste-label">Frucht</span>   
                                    <span class="taste-rating-value">20</span>                   
                                    <div class="taste-meter-fill" style="height: 20%; width: 20%"></div>
                                </div>
                    
                                                                                        

                                                                                                                                                                                                                                                                                                                                                
                                                  
                                <div class="taste-meter taste-torf">
                                    <span class="taste-label">Rauch</span>   
                                    <span class="taste-rating-value">40</span>                   
                                    <div class="taste-meter-fill" style="height: 40%; width: 40%; left: 30%; top: 30%"></div>
                                </div>
                    
                                            
                </div>
            </div>
            </div>
                        <button data-toggle="modal" data-target="#bewertungen" id="alle-bewertungen" class="btn btn-link">Alle 3 Bewertungen <i class="fa fa-chevron-right"></i></button>
                                        <div class="col-sm-6 col-md-3">
                        <div class="jetzt-bewerten">
                            <div class="h4">Produkt Bewerten und Bonus kassieren</div>
                            <p>Spielend einfach: für jede Produkt-Bewertung erhalten Sie <span class="yellow">0,50 € Guthaben</span> für Ihren nächsten Einkauf!</p>
                            <button data-toggle="modal" data-target="#bewertungen" class="btn btn-link">Bewerten und sparen <i class="fa fa-chevron-right"></i></button>
                        </div>
                    </div>
                </div>
            </div>
        </div>
    </div>










    
<!--Start FBPTracking-->

<!--END FBPTracking-->
</div>


    


    	






            <div class="container">
            <div class="h2 title"><span>Kunden kauften auch</span></div>
            <div class="product-slider product-slider-detail owl-carousel owl-theme owl-loaded loaded">
                                                            
                                                                                
                                                                                
                                                                                
                                                                                
                                    
            <div class="owl-stage-outer"><div class="owl-stage" style="transform: translate3d(-1170px, 0px, 0px); transition: all 0.25s ease 0s; width: 3802.5px;"><div class="owl-item cloned" style="width: 262.5px; margin-right: 30px;"><div class="product-slider-item">  
                            
    

	
    	
    



<div class="product-teaser variant ">
    <div class="image-wrapper">

        

                            

        <a alt="Legendario Elixir de Cuba 34% 0,7l" href="Legendario-Elixir-de-Cuba-34-07l"><img alt="Legendario Elixir de Cuba 34% 0,7l" title="Legendario Elixir de Cuba 34% 0,7l" data-src="media/image/product/1133/sm/legendario-elixir-de-cuba-34-07l.jpg" class="lazy"></a>


                                                                                            
        
        
        
        


          

                    <form action="navi.php" method="post">
                <button name="Wunschliste" type="submit" class="wishlist" title="auf den Merkzettel">
                    <i class="fa fa-heart"></i>
                </button>

                                    <button type="button" data-toggle="modal" data-target="#login-box" class="wishlist" title="auf den Merkzettel">
                        <i class="fa fa-heart"></i>
                    </button>
                                <input type="hidden" name="a" value="1133">
            </form>
            </div>

    <div class="text-wrapper">
  
                 
        <div class="text-wrapper-inner">
                
<span class="rating" title="Artikelbewertung: 4.5/5">

<i class="fa fa-star"></i><i class="fa fa-star"></i><i class="fa fa-star"></i><i class="fa fa-star"></i><i class="fa fa-star-half"></i><i class="fa fa-star inactive"></i></span>
            <div class="product-title"><a href="Legendario-Elixir-de-Cuba-34-07l">Legendario Elixir de Cuba 34% 0,7l</a></div>
            <div class="hidden-xs product-excerpt"></div>
            



    

    <div class="price_wrapper">
    
    
                                                            <div class="instead_of old_price">
                        
                        statt 19,90*<sup><small>1</small></sup>
                    </div>
                                        <div class="price text-nowrap special-price">

                                
                <span class="price-value">17,90</span>
            </div>
                            <div class="price-note">
                                    <div class="base_price text-nowrap">
                        Grundpreis: <span class="value">25,57 € pro 1 l</span>
                    </div>
                    <div class="vat_info">
                        zzgl. <a href="/Zahlung-Versand" target="_blank">Versand</a> | inkl. MwSt.
                    </div>


                            </div>
                
    </div>



    

            <div class="delivery-status">
                                    <span class="green">Mehr als 50 Stück verfügbar</span>
                            </div>

            <a href="Legendario-Elixir-de-Cuba-34-07l" class="infolink"><i class="fa fa-info-circle"></i> Informationen zur Lebensmittel-Kennzeichnung</a>

                    </div>

        <div class="product-actions">
            <a href="Legendario-Elixir-de-Cuba-34-07l" class="btn btn-default button-details">Details <i class="fa fa-caret-right"></i></a>
                            <div class="btn btn-primary addarticle" data-toggle="modal" data-target="#addarticle">
                    
                </div>
                    </div>
    </div>

    <form class="buyform" id="buy_form_1133" action="navi.php" method="post">
        <input type="hidden" class="jtl_token" name="jtl_token" value="990c54f8bbd8eba034444bb458bfabee"><div class="form-group hidden">
	<label for="sp_additional_mail" class="control-label">Additional contact mail (leave blank)*</label>
	<input type="text" name="sp_additional_mail" value="" placeholder="Additional contact mail (leave blank)*" class="form-control">
</div>

        
                            <div class="quantity-wrapper">
                    <div data-changequantity="quantity1133" class="btn btn-default remove changequantity">-</div>
                    <input type="text" min="0" size="2" id="quantity1133" class="quantity form-control text-right" name="anzahl" autocomplete="off" value="1">
                    <div data-changequantity="quantity1133" class="btn btn-default add changequantity">+</div>
                    <button type="submit" class="btn btn-primary addtocart" id="submit1133" title="In den Warenkorb">
                        
                    </button>
                </div>
                    

                        <input type="hidden" name="a" value="1133">
        <input type="hidden" name="wke" value="1">
        <input type="hidden" name="overview" value="1">
        <input type="hidden" name="Sortierung" value="">
                                                                
                    
                    </form>
</div>

                        </div></div><div class="owl-item cloned" style="width: 262.5px; margin-right: 30px;"><div class="product-slider-item">  
                            
    

    


	
    



<div class="product-teaser variant ">
    <div class="image-wrapper">

        

                            

        <a alt="Ron Santisima Trinidad 7 Jahre Rum de Cuba 40,3% 0,7l" href="ron-santisima-trinidad-7-jahre-rum-de-cuba-07l"><img alt="Ron Santisima Trinidad 7 Jahre Rum de Cuba 40,3% 0,7l" title="Ron Santisima Trinidad 7 Jahre Rum de Cuba 40,3% 0,7l" data-src="media/image/product/10435/sm/ron-santisima-trinidad-7-jahre-rum-de-cuba-07l.jpg" class="lazy"></a>


                                                        
        
        
        
        


          

                    <form action="navi.php" method="post">
                <button name="Wunschliste" type="submit" class="wishlist" title="auf den Merkzettel">
                    <i class="fa fa-heart"></i>
                </button>

                                    <button type="button" data-toggle="modal" data-target="#login-box" class="wishlist" title="auf den Merkzettel">
                        <i class="fa fa-heart"></i>
                    </button>
                                <input type="hidden" name="a" value="10435">
            </form>
            </div>

    <div class="text-wrapper">
  
                 
        <div class="text-wrapper-inner">
                
<span class="rating" title="Artikelbewertung: /5">

<i class="fa fa-star inactive"></i><i class="fa fa-star inactive"></i><i class="fa fa-star inactive"></i><i class="fa fa-star inactive"></i><i class="fa fa-star inactive"></i></span>
            <div class="product-title"><a href="ron-santisima-trinidad-7-jahre-rum-de-cuba-07l">Ron Santisima Trinidad 7 Jahre Rum de Cuba 40,3% 0,7l</a></div>
            <div class="hidden-xs product-excerpt"></div>
            



    

    <div class="price_wrapper">
    
    
                                                                <div class="price text-nowrap">

                                
                <span class="price-value">39,90</span>
            </div>
                            <div class="price-note">
                                    <div class="base_price text-nowrap">
                        Grundpreis: <span class="value">57,00 € pro 1 l</span>
                    </div>
                    <div class="vat_info">
                        zzgl. <a href="/Zahlung-Versand" target="_blank">Versand</a> | inkl. MwSt.
                    </div>


                            </div>
                
    </div>



    

            <div class="delivery-status">
                                    <span class="red">Nur noch 5 Stück verfügbar</span>
                            </div>

            <a href="ron-santisima-trinidad-7-jahre-rum-de-cuba-07l" class="infolink"><i class="fa fa-info-circle"></i> Informationen zur Lebensmittel-Kennzeichnung</a>

                    </div>

        <div class="product-actions">
            <a href="ron-santisima-trinidad-7-jahre-rum-de-cuba-07l" class="btn btn-default button-details">Details <i class="fa fa-caret-right"></i></a>
                            <div class="btn btn-primary addarticle" data-toggle="modal" data-target="#addarticle">
                    
                </div>
                    </div>
    </div>

    <form class="buyform" id="buy_form_10435" action="navi.php" method="post">
        <input type="hidden" class="jtl_token" name="jtl_token" value="990c54f8bbd8eba034444bb458bfabee"><div class="form-group hidden">
	<label for="sp_additional_mail" class="control-label">Additional contact mail (leave blank)*</label>
	<input type="text" name="sp_additional_mail" value="" placeholder="Additional contact mail (leave blank)*" class="form-control">
</div>

        
                            <div class="quantity-wrapper">
                    <div data-changequantity="quantity10435" class="btn btn-default remove changequantity">-</div>
                    <input type="text" min="0" size="2" id="quantity10435" class="quantity form-control text-right" name="anzahl" autocomplete="off" value="1">
                    <div data-changequantity="quantity10435" class="btn btn-default add changequantity">+</div>
                    <button type="submit" class="btn btn-primary addtocart" id="submit10435" title="In den Warenkorb">
                        
                    </button>
                </div>
                    

                        <input type="hidden" name="a" value="10435">
        <input type="hidden" name="wke" value="1">
        <input type="hidden" name="overview" value="1">
        <input type="hidden" name="Sortierung" value="">
                                                                
                    
                    </form>
</div>

                        </div></div><div class="owl-item cloned" style="width: 262.5px; margin-right: 30px;"><div class="product-slider-item">  
                            
    

	
    



<div class="product-teaser variant ">
    <div class="image-wrapper">

        

                            

        <a alt="Eminente Rum Reserva 7 Jahre 41,3% 0,7l" href="eminente-rum-reserva-7-jahre-07l"><img alt="Eminente Rum Reserva 7 Jahre 41,3% 0,7l" title="Eminente Rum Reserva 7 Jahre 41,3% 0,7l" data-src="media/image/product/11811/sm/eminente-rum-reserva-7-jahre-07l.jpg" class="lazy"></a>


                                                        
        
        
        
        


          

                    <form action="navi.php" method="post">
                <button name="Wunschliste" type="submit" class="wishlist" title="auf den Merkzettel">
                    <i class="fa fa-heart"></i>
                </button>

                                    <button type="button" data-toggle="modal" data-target="#login-box" class="wishlist" title="auf den Merkzettel">
                        <i class="fa fa-heart"></i>
                    </button>
                                <input type="hidden" name="a" value="11811">
            </form>
            </div>

    <div class="text-wrapper">
  
                 
        <div class="text-wrapper-inner">
                
<span class="rating" title="Artikelbewertung: 4.5/5">

<i class="fa fa-star"></i><i class="fa fa-star"></i><i class="fa fa-star"></i><i class="fa fa-star"></i><i class="fa fa-star-half"></i><i class="fa fa-star inactive"></i></span>
            <div class="product-title"><a href="eminente-rum-reserva-7-jahre-07l">Eminente Rum Reserva 7 Jahre 41,3% 0,7l</a></div>
            <div class="hidden-xs product-excerpt">







</div>
            



    

    <div class="price_wrapper">
    
    
                                                                <div class="price text-nowrap">

                                
                <span class="price-value">48,90</span>
            </div>
                            <div class="price-note">
                                    <div class="base_price text-nowrap">
                        Grundpreis: <span class="value">69,86 € pro 1 l</span>
                    </div>
                    <div class="vat_info">
                        zzgl. <a href="/Zahlung-Versand" target="_blank">Versand</a> | inkl. MwSt.
                    </div>


                            </div>
                
    </div>



    

            <div class="delivery-status">
                                    <span class="green">Noch 30 Stück verfügbar</span>
                            </div>

            <a href="eminente-rum-reserva-7-jahre-07l" class="infolink"><i class="fa fa-info-circle"></i> Informationen zur Lebensmittel-Kennzeichnung</a>

                    </div>

        <div class="product-actions">
            <a href="eminente-rum-reserva-7-jahre-07l" class="btn btn-default button-details">Details <i class="fa fa-caret-right"></i></a>
                            <div class="btn btn-primary addarticle" data-toggle="modal" data-target="#addarticle">
                    
                </div>
                    </div>
    </div>

    <form class="buyform" id="buy_form_11811" action="navi.php" method="post">
        <input type="hidden" class="jtl_token" name="jtl_token" value="990c54f8bbd8eba034444bb458bfabee"><div class="form-group hidden">
	<label for="sp_additional_mail" class="control-label">Additional contact mail (leave blank)*</label>
	<input type="text" name="sp_additional_mail" value="" placeholder="Additional contact mail (leave blank)*" class="form-control">
</div>

        
                            <div class="quantity-wrapper">
                    <div data-changequantity="quantity11811" class="btn btn-default remove changequantity">-</div>
                    <input type="text" min="0" size="2" id="quantity11811" class="quantity form-control text-right" name="anzahl" autocomplete="off" value="1">
                    <div data-changequantity="quantity11811" class="btn btn-default add changequantity">+</div>
                    <button type="submit" class="btn btn-primary addtocart" id="submit11811" title="In den Warenkorb">
                        
                    </button>
                </div>
                    

                        <input type="hidden" name="a" value="11811">
        <input type="hidden" name="wke" value="1">
        <input type="hidden" name="overview" value="1">
        <input type="hidden" name="Sortierung" value="">
                                                                
                    
                    </form>
</div>

                        </div></div><div class="owl-item cloned" style="width: 262.5px; margin-right: 30px;"><div class="product-slider-item">  
                            
    

	
    



<div class="product-teaser variant ">
    <div class="image-wrapper">

        

                            

        <a alt="Conde de Cuba 15 Anos Rum 38% 0,7l" href="conde-de-duba-15-anos-rum-38-07l"><img alt="Conde de Cuba 15 Anos Rum 38% 0,7l" title="Conde de Cuba 15 Anos Rum 38% 0,7l" data-src="media/image/product/9499/sm/conde-de-duba-15-anos-rum-38-07l.jpg" class="lazy"></a>


                                                        
        
        
        
        


          

                    <form action="navi.php" method="post">
                <button name="Wunschliste" type="submit" class="wishlist" title="auf den Merkzettel">
                    <i class="fa fa-heart"></i>
                </button>

                                    <button type="button" data-toggle="modal" data-target="#login-box" class="wishlist" title="auf den Merkzettel">
                        <i class="fa fa-heart"></i>
                    </button>
                                <input type="hidden" name="a" value="9499">
            </form>
            </div>

    <div class="text-wrapper">
  
                 
        <div class="text-wrapper-inner">
                
<span class="rating" title="Artikelbewertung: 3/5">

<i class="fa fa-star"></i><i class="fa fa-star"></i><i class="fa fa-star"></i><i class="fa fa-star inactive"></i><i class="fa fa-star inactive"></i></span>
            <div class="product-title"><a href="conde-de-duba-15-anos-rum-38-07l">Conde de Cuba 15 Anos Rum 38% 0,7l</a></div>
            <div class="hidden-xs product-excerpt"></div>
            



    

    <div class="price_wrapper">
    
    
                                                                <div class="price text-nowrap">

                                
                <span class="price-value">53,50</span>
            </div>
                            <div class="price-note">
                                    <div class="base_price text-nowrap">
                        Grundpreis: <span class="value">76,43 € pro 1 l</span>
                    </div>
                    <div class="vat_info">
                        zzgl. <a href="/Zahlung-Versand" target="_blank">Versand</a> | inkl. MwSt.
                    </div>


                            </div>
                
    </div>



    

            <div class="delivery-status">
                                                            <span class="red">Ausverkauft</span>
                                                </div>

            <a href="conde-de-duba-15-anos-rum-38-07l" class="infolink"><i class="fa fa-info-circle"></i> Informationen zur Lebensmittel-Kennzeichnung</a>

                    </div>

        <div class="product-actions">
            <a href="conde-de-duba-15-anos-rum-38-07l" class="btn btn-default button-details">Details <i class="fa fa-caret-right"></i></a>
                    </div>
    </div>

    <form class="buyform" id="buy_form_9499" action="navi.php" method="post">
        <input type="hidden" class="jtl_token" name="jtl_token" value="990c54f8bbd8eba034444bb458bfabee"><div class="form-group hidden">
	<label for="sp_additional_mail" class="control-label">Additional contact mail (leave blank)*</label>
	<input type="text" name="sp_additional_mail" value="" placeholder="Additional contact mail (leave blank)*" class="form-control">
</div>

        
                            <a class="btn btn-default details-link" role="button" href="conde-de-duba-15-anos-rum-38-07l">Details <i class="fa fa-chevron-right"></i></a>
                    

                        <input type="hidden" name="a" value="9499">
        <input type="hidden" name="wke" value="1">
        <input type="hidden" name="overview" value="1">
        <input type="hidden" name="Sortierung" value="">
                                                                
                    
                    </form>
</div>

                        </div></div><div class="owl-item active" style="width: 262.5px; margin-right: 30px;"><div class="product-slider-item">  
                            
    

	
    	
    



<div class="product-teaser variant ">
    <div class="image-wrapper">

        

                            

        <a alt="Plantation Rum Barbados XO 20th Anniversary Rum 40% 0,7l" href="Plantation-Rum-Barbados-XO-20-Anniversary-Rum-40-07l"><img alt="Plantation Rum Barbados XO 20th Anniversary Rum 40% 0,7l" title="Plantation Rum Barbados XO 20th Anniversary Rum 40% 0,7l" class="lazy loaded" data-ll-status="loaded" src="media/image/product/350/sm/plantation-rum-barbados-xo-20-anniversary-rum-40-07l.jpg"></a>


                                                                                            
        
        
        
        


          

                    <form action="navi.php" method="post">
                <button name="Wunschliste" type="submit" class="wishlist" title="auf den Merkzettel">
                    <i class="fa fa-heart"></i>
                </button>

                                    <button type="button" data-toggle="modal" data-target="#login-box" class="wishlist" title="auf den Merkzettel">
                        <i class="fa fa-heart"></i>
                    </button>
                                <input type="hidden" name="a" value="350">
            </form>
            </div>

    <div class="text-wrapper">
  
                 
        <div class="text-wrapper-inner">
                
<span class="rating" title="Artikelbewertung: 5/5">

<i class="fa fa-star"></i><i class="fa fa-star"></i><i class="fa fa-star"></i><i class="fa fa-star"></i><i class="fa fa-star"></i></span>
            <div class="product-title"><a href="Plantation-Rum-Barbados-XO-20-Anniversary-Rum-40-07l">Plantation Rum Barbados XO 20th Anniversary Rum 40% 0,7l</a></div>
            <div class="hidden-xs product-excerpt"></div>
            



    

    <div class="price_wrapper">
    
    
                                                            <div class="instead_of old_price">
                        
                        statt 44,90*<sup><small>1</small></sup>
                    </div>
                                        <div class="price text-nowrap special-price">

                                
                <span class="price-value">39,90</span>
            </div>
                            <div class="price-note">
                                    <div class="base_price text-nowrap">
                        Grundpreis: <span class="value">57,00 € pro 1 l</span>
                    </div>
                    <div class="vat_info">
                        zzgl. <a href="/Zahlung-Versand" target="_blank">Versand</a> | inkl. MwSt.
                    </div>


                            </div>
                
    </div>



    

            <div class="delivery-status">
                                    <span class="green">Mehr als 50 Stück verfügbar</span>
                            </div>

            <a href="Plantation-Rum-Barbados-XO-20-Anniversary-Rum-40-07l" class="infolink"><i class="fa fa-info-circle"></i> Informationen zur Lebensmittel-Kennzeichnung</a>

                    </div>

        <div class="product-actions">
            <a href="Plantation-Rum-Barbados-XO-20-Anniversary-Rum-40-07l" class="btn btn-default button-details">Details <i class="fa fa-caret-right"></i></a>
                            <div class="btn btn-primary addarticle" data-toggle="modal" data-target="#addarticle">
                    
                </div>
                    </div>
    </div>

    <form class="buyform" id="buy_form_350" action="navi.php" method="post">
        <input type="hidden" class="jtl_token" name="jtl_token" value="990c54f8bbd8eba034444bb458bfabee"><div class="form-group hidden">
	<label for="sp_additional_mail" class="control-label">Additional contact mail (leave blank)*</label>
	<input type="text" name="sp_additional_mail" value="" placeholder="Additional contact mail (leave blank)*" class="form-control">
</div>

        
                            <div class="quantity-wrapper">
                    <div data-changequantity="quantity350" class="btn btn-default remove changequantity">-</div>
                    <input type="text" min="0" size="2" id="quantity350" class="quantity form-control text-right" name="anzahl" autocomplete="off" value="1">
                    <div data-changequantity="quantity350" class="btn btn-default add changequantity">+</div>
                    <button type="submit" class="btn btn-primary addtocart" id="submit350" title="In den Warenkorb">
                        
                    </button>
                </div>
                    

                        <input type="hidden" name="a" value="350">
        <input type="hidden" name="wke" value="1">
        <input type="hidden" name="overview" value="1">
        <input type="hidden" name="Sortierung" value="">
                                                                
                    
                    </form>
</div>

                        </div></div><div class="owl-item active" style="width: 262.5px; margin-right: 30px;"><div class="product-slider-item">  
                            
    

	
    	
    



<div class="product-teaser variant ">
    <div class="image-wrapper">

        

                            

        <a alt="Legendario Elixir de Cuba 34% 0,7l" href="Legendario-Elixir-de-Cuba-34-07l"><img alt="Legendario Elixir de Cuba 34% 0,7l" title="Legendario Elixir de Cuba 34% 0,7l" class="lazy loaded" data-ll-status="loaded" src="media/image/product/1133/sm/legendario-elixir-de-cuba-34-07l.jpg"></a>


                                                                                            
        
        
        
        


          

                    <form action="navi.php" method="post">
                <button name="Wunschliste" type="submit" class="wishlist" title="auf den Merkzettel">
                    <i class="fa fa-heart"></i>
                </button>

                                    <button type="button" data-toggle="modal" data-target="#login-box" class="wishlist" title="auf den Merkzettel">
                        <i class="fa fa-heart"></i>
                    </button>
                                <input type="hidden" name="a" value="1133">
            </form>
            </div>

    <div class="text-wrapper">
  
                 
        <div class="text-wrapper-inner">
                
<span class="rating" title="Artikelbewertung: 4.5/5">

<i class="fa fa-star"></i><i class="fa fa-star"></i><i class="fa fa-star"></i><i class="fa fa-star"></i><i class="fa fa-star-half"></i><i class="fa fa-star inactive"></i></span>
            <div class="product-title"><a href="Legendario-Elixir-de-Cuba-34-07l">Legendario Elixir de Cuba 34% 0,7l</a></div>
            <div class="hidden-xs product-excerpt"></div>
            



    

    <div class="price_wrapper">
    
    
                                                            <div class="instead_of old_price">
                        
                        statt 19,90*<sup><small>1</small></sup>
                    </div>
                                        <div class="price text-nowrap special-price">

                                
                <span class="price-value">17,90</span>
            </div>
                            <div class="price-note">
                                    <div class="base_price text-nowrap">
                        Grundpreis: <span class="value">25,57 € pro 1 l</span>
                    </div>
                    <div class="vat_info">
                        zzgl. <a href="/Zahlung-Versand" target="_blank">Versand</a> | inkl. MwSt.
                    </div>


                            </div>
                
    </div>



    

            <div class="delivery-status">
                                    <span class="green">Mehr als 50 Stück verfügbar</span>
                            </div>

            <a href="Legendario-Elixir-de-Cuba-34-07l" class="infolink"><i class="fa fa-info-circle"></i> Informationen zur Lebensmittel-Kennzeichnung</a>

                    </div>

        <div class="product-actions">
            <a href="Legendario-Elixir-de-Cuba-34-07l" class="btn btn-default button-details">Details <i class="fa fa-caret-right"></i></a>
                            <div class="btn btn-primary addarticle" data-toggle="modal" data-target="#addarticle">
                    
                </div>
                    </div>
    </div>

    <form class="buyform" id="buy_form_1133" action="navi.php" method="post">
        <input type="hidden" class="jtl_token" name="jtl_token" value="990c54f8bbd8eba034444bb458bfabee"><div class="form-group hidden">
	<label for="sp_additional_mail" class="control-label">Additional contact mail (leave blank)*</label>
	<input type="text" name="sp_additional_mail" value="" placeholder="Additional contact mail (leave blank)*" class="form-control">
</div>

        
                            <div class="quantity-wrapper">
                    <div data-changequantity="quantity1133" class="btn btn-default remove changequantity">-</div>
                    <input type="text" min="0" size="2" id="quantity1133" class="quantity form-control text-right" name="anzahl" autocomplete="off" value="1">
                    <div data-changequantity="quantity1133" class="btn btn-default add changequantity">+</div>
                    <button type="submit" class="btn btn-primary addtocart" id="submit1133" title="In den Warenkorb">
                        
                    </button>
                </div>
                    

                        <input type="hidden" name="a" value="1133">
        <input type="hidden" name="wke" value="1">
        <input type="hidden" name="overview" value="1">
        <input type="hidden" name="Sortierung" value="">
                                                                
                    
                    </form>
</div>

                        </div></div><div class="owl-item active" style="width: 262.5px; margin-right: 30px;"><div class="product-slider-item">  
                            
    

    


	
    



<div class="product-teaser variant ">
    <div class="image-wrapper">

        

                            

        <a alt="Ron Santisima Trinidad 7 Jahre Rum de Cuba 40,3% 0,7l" href="ron-santisima-trinidad-7-jahre-rum-de-cuba-07l"><img alt="Ron Santisima Trinidad 7 Jahre Rum de Cuba 40,3% 0,7l" title="Ron Santisima Trinidad 7 Jahre Rum de Cuba 40,3% 0,7l" class="lazy loaded" data-ll-status="loaded" src="media/image/product/10435/sm/ron-santisima-trinidad-7-jahre-rum-de-cuba-07l.jpg"></a>


                                                        
        
        
        
        


          

                    <form action="navi.php" method="post">
                <button name="Wunschliste" type="submit" class="wishlist" title="auf den Merkzettel">
                    <i class="fa fa-heart"></i>
                </button>

                                    <button type="button" data-toggle="modal" data-target="#login-box" class="wishlist" title="auf den Merkzettel">
                        <i class="fa fa-heart"></i>
                    </button>
                                <input type="hidden" name="a" value="10435">
            </form>
            </div>

    <div class="text-wrapper">
  
                 
        <div class="text-wrapper-inner">
                
<span class="rating" title="Artikelbewertung: /5">

<i class="fa fa-star inactive"></i><i class="fa fa-star inactive"></i><i class="fa fa-star inactive"></i><i class="fa fa-star inactive"></i><i class="fa fa-star inactive"></i></span>
            <div class="product-title"><a href="ron-santisima-trinidad-7-jahre-rum-de-cuba-07l">Ron Santisima Trinidad 7 Jahre Rum de Cuba 40,3% 0,7l</a></div>
            <div class="hidden-xs product-excerpt"></div>
            



    

    <div class="price_wrapper">
    
    
                                                                <div class="price text-nowrap">

                                
                <span class="price-value">39,90</span>
            </div>
                            <div class="price-note">
                                    <div class="base_price text-nowrap">
                        Grundpreis: <span class="value">57,00 € pro 1 l</span>
                    </div>
                    <div class="vat_info">
                        zzgl. <a href="/Zahlung-Versand" target="_blank">Versand</a> | inkl. MwSt.
                    </div>


                            </div>
                
    </div>



    

            <div class="delivery-status">
                                    <span class="red">Nur noch 5 Stück verfügbar</span>
                            </div>

            <a href="ron-santisima-trinidad-7-jahre-rum-de-cuba-07l" class="infolink"><i class="fa fa-info-circle"></i> Informationen zur Lebensmittel-Kennzeichnung</a>

                    </div>

        <div class="product-actions">
            <a href="ron-santisima-trinidad-7-jahre-rum-de-cuba-07l" class="btn btn-default button-details">Details <i class="fa fa-caret-right"></i></a>
                            <div class="btn btn-primary addarticle" data-toggle="modal" data-target="#addarticle">
                    
                </div>
                    </div>
    </div>

    <form class="buyform" id="buy_form_10435" action="navi.php" method="post">
        <input type="hidden" class="jtl_token" name="jtl_token" value="990c54f8bbd8eba034444bb458bfabee"><div class="form-group hidden">
	<label for="sp_additional_mail" class="control-label">Additional contact mail (leave blank)*</label>
	<input type="text" name="sp_additional_mail" value="" placeholder="Additional contact mail (leave blank)*" class="form-control">
</div>

        
                            <div class="quantity-wrapper">
                    <div data-changequantity="quantity10435" class="btn btn-default remove changequantity">-</div>
                    <input type="text" min="0" size="2" id="quantity10435" class="quantity form-control text-right" name="anzahl" autocomplete="off" value="1">
                    <div data-changequantity="quantity10435" class="btn btn-default add changequantity">+</div>
                    <button type="submit" class="btn btn-primary addtocart" id="submit10435" title="In den Warenkorb">
                        
                    </button>
                </div>
                    

                        <input type="hidden" name="a" value="10435">
        <input type="hidden" name="wke" value="1">
        <input type="hidden" name="overview" value="1">
        <input type="hidden" name="Sortierung" value="">
                                                                
                    
                    </form>
</div>

                        </div></div><div class="owl-item active" style="width: 262.5px; margin-right: 30px;"><div class="product-slider-item">  
                            
    

	
    



<div class="product-teaser variant ">
    <div class="image-wrapper">

        

                            

        <a alt="Eminente Rum Reserva 7 Jahre 41,3% 0,7l" href="eminente-rum-reserva-7-jahre-07l"><img alt="Eminente Rum Reserva 7 Jahre 41,3% 0,7l" title="Eminente Rum Reserva 7 Jahre 41,3% 0,7l" class="lazy loaded" data-ll-status="loaded" src="media/image/product/11811/sm/eminente-rum-reserva-7-jahre-07l.jpg"></a>


                                                        
        
        
        
        


          

                    <form action="navi.php" method="post">
                <button name="Wunschliste" type="submit" class="wishlist" title="auf den Merkzettel">
                    <i class="fa fa-heart"></i>
                </button>

                                    <button type="button" data-toggle="modal" data-target="#login-box" class="wishlist" title="auf den Merkzettel">
                        <i class="fa fa-heart"></i>
                    </button>
                                <input type="hidden" name="a" value="11811">
            </form>
            </div>

    <div class="text-wrapper">
  
                 
        <div class="text-wrapper-inner">
                
<span class="rating" title="Artikelbewertung: 4.5/5">

<i class="fa fa-star"></i><i class="fa fa-star"></i><i class="fa fa-star"></i><i class="fa fa-star"></i><i class="fa fa-star-half"></i><i class="fa fa-star inactive"></i></span>
            <div class="product-title"><a href="eminente-rum-reserva-7-jahre-07l">Eminente Rum Reserva 7 Jahre 41,3% 0,7l</a></div>
            <div class="hidden-xs product-excerpt">







</div>
            



    

    <div class="price_wrapper">
    
    
                                                                <div class="price text-nowrap">

                                
                <span class="price-value">48,90</span>
            </div>
                            <div class="price-note">
                                    <div class="base_price text-nowrap">
                        Grundpreis: <span class="value">69,86 € pro 1 l</span>
                    </div>
                    <div class="vat_info">
                        zzgl. <a href="/Zahlung-Versand" target="_blank">Versand</a> | inkl. MwSt.
                    </div>


                            </div>
                
    </div>



    

            <div class="delivery-status">
                                    <span class="green">Noch 30 Stück verfügbar</span>
                            </div>

            <a href="eminente-rum-reserva-7-jahre-07l" class="infolink"><i class="fa fa-info-circle"></i> Informationen zur Lebensmittel-Kennzeichnung</a>

                    </div>

        <div class="product-actions">
            <a href="eminente-rum-reserva-7-jahre-07l" class="btn btn-default button-details">Details <i class="fa fa-caret-right"></i></a>
                            <div class="btn btn-primary addarticle" data-toggle="modal" data-target="#addarticle">
                    
                </div>
                    </div>
    </div>

    <form class="buyform" id="buy_form_11811" action="navi.php" method="post">
        <input type="hidden" class="jtl_token" name="jtl_token" value="990c54f8bbd8eba034444bb458bfabee"><div class="form-group hidden">
	<label for="sp_additional_mail" class="control-label">Additional contact mail (leave blank)*</label>
	<input type="text" name="sp_additional_mail" value="" placeholder="Additional contact mail (leave blank)*" class="form-control">
</div>

        
                            <div class="quantity-wrapper">
                    <div data-changequantity="quantity11811" class="btn btn-default remove changequantity">-</div>
                    <input type="text" min="0" size="2" id="quantity11811" class="quantity form-control text-right" name="anzahl" autocomplete="off" value="1">
                    <div data-changequantity="quantity11811" class="btn btn-default add changequantity">+</div>
                    <button type="submit" class="btn btn-primary addtocart" id="submit11811" title="In den Warenkorb">
                        
                    </button>
                </div>
                    

                        <input type="hidden" name="a" value="11811">
        <input type="hidden" name="wke" value="1">
        <input type="hidden" name="overview" value="1">
        <input type="hidden" name="Sortierung" value="">
                                                                
                    
                    </form>
</div>

                        </div></div><div class="owl-item" style="width: 262.5px; margin-right: 30px;"><div class="product-slider-item">  
                            
    

	
    



<div class="product-teaser variant ">
    <div class="image-wrapper">

        

                            

        <a alt="Conde de Cuba 15 Anos Rum 38% 0,7l" href="conde-de-duba-15-anos-rum-38-07l"><img alt="Conde de Cuba 15 Anos Rum 38% 0,7l" title="Conde de Cuba 15 Anos Rum 38% 0,7l" class="lazy loaded" data-ll-status="loaded" src="media/image/product/9499/sm/conde-de-duba-15-anos-rum-38-07l.jpg"></a>


                                                        
        
        
        
        


          

                    <form action="navi.php" method="post">
                <button name="Wunschliste" type="submit" class="wishlist" title="auf den Merkzettel">
                    <i class="fa fa-heart"></i>
                </button>

                                    <button type="button" data-toggle="modal" data-target="#login-box" class="wishlist" title="auf den Merkzettel">
                        <i class="fa fa-heart"></i>
                    </button>
                                <input type="hidden" name="a" value="9499">
            </form>
            </div>

    <div class="text-wrapper">
  
                 
        <div class="text-wrapper-inner">
                
<span class="rating" title="Artikelbewertung: 3/5">

<i class="fa fa-star"></i><i class="fa fa-star"></i><i class="fa fa-star"></i><i class="fa fa-star inactive"></i><i class="fa fa-star inactive"></i></span>
            <div class="product-title"><a href="conde-de-duba-15-anos-rum-38-07l">Conde de Cuba 15 Anos Rum 38% 0,7l</a></div>
            <div class="hidden-xs product-excerpt"></div>
            



    

    <div class="price_wrapper">
    
    
                                                                <div class="price text-nowrap">

                                
                <span class="price-value">53,50</span>
            </div>
                            <div class="price-note">
                                    <div class="base_price text-nowrap">
                        Grundpreis: <span class="value">76,43 € pro 1 l</span>
                    </div>
                    <div class="vat_info">
                        zzgl. <a href="/Zahlung-Versand" target="_blank">Versand</a> | inkl. MwSt.
                    </div>


                            </div>
                
    </div>



    

            <div class="delivery-status">
                                                            <span class="red">Ausverkauft</span>
                                                </div>

            <a href="conde-de-duba-15-anos-rum-38-07l" class="infolink"><i class="fa fa-info-circle"></i> Informationen zur Lebensmittel-Kennzeichnung</a>

                    </div>

        <div class="product-actions">
            <a href="conde-de-duba-15-anos-rum-38-07l" class="btn btn-default button-details">Details <i class="fa fa-caret-right"></i></a>
                    </div>
    </div>

    <form class="buyform" id="buy_form_9499" action="navi.php" method="post">
        <input type="hidden" class="jtl_token" name="jtl_token" value="990c54f8bbd8eba034444bb458bfabee"><div class="form-group hidden">
	<label for="sp_additional_mail" class="control-label">Additional contact mail (leave blank)*</label>
	<input type="text" name="sp_additional_mail" value="" placeholder="Additional contact mail (leave blank)*" class="form-control">
</div>

        
                            <a class="btn btn-default details-link" role="button" href="conde-de-duba-15-anos-rum-38-07l">Details <i class="fa fa-chevron-right"></i></a>
                    

                        <input type="hidden" name="a" value="9499">
        <input type="hidden" name="wke" value="1">
        <input type="hidden" name="overview" value="1">
        <input type="hidden" name="Sortierung" value="">
                                                                
                    
                    </form>
</div>

                        </div></div><div class="owl-item cloned" style="width: 262.5px; margin-right: 30px;"><div class="product-slider-item">  
                            
    

	
    	
    



<div class="product-teaser variant ">
    <div class="image-wrapper">

        

                            

        <a alt="Plantation Rum Barbados XO 20th Anniversary Rum 40% 0,7l" href="Plantation-Rum-Barbados-XO-20-Anniversary-Rum-40-07l"><img alt="Plantation Rum Barbados XO 20th Anniversary Rum 40% 0,7l" title="Plantation Rum Barbados XO 20th Anniversary Rum 40% 0,7l" data-src="media/image/product/350/sm/plantation-rum-barbados-xo-20-anniversary-rum-40-07l.jpg" class="lazy"></a>


                                                                                            
        
        
        
        


          

                    <form action="navi.php" method="post">
                <button name="Wunschliste" type="submit" class="wishlist" title="auf den Merkzettel">
                    <i class="fa fa-heart"></i>
                </button>

                                    <button type="button" data-toggle="modal" data-target="#login-box" class="wishlist" title="auf den Merkzettel">
                        <i class="fa fa-heart"></i>
                    </button>
                                <input type="hidden" name="a" value="350">
            </form>
            </div>

    <div class="text-wrapper">
  
                 
        <div class="text-wrapper-inner">
                
<span class="rating" title="Artikelbewertung: 5/5">

<i class="fa fa-star"></i><i class="fa fa-star"></i><i class="fa fa-star"></i><i class="fa fa-star"></i><i class="fa fa-star"></i></span>
            <div class="product-title"><a href="Plantation-Rum-Barbados-XO-20-Anniversary-Rum-40-07l">Plantation Rum Barbados XO 20th Anniversary Rum 40% 0,7l</a></div>
            <div class="hidden-xs product-excerpt"></div>
            



    

    <div class="price_wrapper">
    
    
                                                            <div class="instead_of old_price">
                        
                        statt 44,90*<sup><small>1</small></sup>
                    </div>
                                        <div class="price text-nowrap special-price">

                                
                <span class="price-value">39,90</span>
            </div>
                            <div class="price-note">
                                    <div class="base_price text-nowrap">
                        Grundpreis: <span class="value">57,00 € pro 1 l</span>
                    </div>
                    <div class="vat_info">
                        zzgl. <a href="/Zahlung-Versand" target="_blank">Versand</a> | inkl. MwSt.
                    </div>


                            </div>
                
    </div>



    

            <div class="delivery-status">
                                    <span class="green">Mehr als 50 Stück verfügbar</span>
                            </div>

            <a href="Plantation-Rum-Barbados-XO-20-Anniversary-Rum-40-07l" class="infolink"><i class="fa fa-info-circle"></i> Informationen zur Lebensmittel-Kennzeichnung</a>

                    </div>

        <div class="product-actions">
            <a href="Plantation-Rum-Barbados-XO-20-Anniversary-Rum-40-07l" class="btn btn-default button-details">Details <i class="fa fa-caret-right"></i></a>
                            <div class="btn btn-primary addarticle" data-toggle="modal" data-target="#addarticle">
                    
                </div>
                    </div>
    </div>

    <form class="buyform" id="buy_form_350" action="navi.php" method="post">
        <input type="hidden" class="jtl_token" name="jtl_token" value="990c54f8bbd8eba034444bb458bfabee"><div class="form-group hidden">
	<label for="sp_additional_mail" class="control-label">Additional contact mail (leave blank)*</label>
	<input type="text" name="sp_additional_mail" value="" placeholder="Additional contact mail (leave blank)*" class="form-control">
</div>

        
                            <div class="quantity-wrapper">
                    <div data-changequantity="quantity350" class="btn btn-default remove changequantity">-</div>
                    <input type="text" min="0" size="2" id="quantity350" class="quantity form-control text-right" name="anzahl" autocomplete="off" value="1">
                    <div data-changequantity="quantity350" class="btn btn-default add changequantity">+</div>
                    <button type="submit" class="btn btn-primary addtocart" id="submit350" title="In den Warenkorb">
                        
                    </button>
                </div>
                    

                        <input type="hidden" name="a" value="350">
        <input type="hidden" name="wke" value="1">
        <input type="hidden" name="overview" value="1">
        <input type="hidden" name="Sortierung" value="">
                                                                
                    
                    </form>
</div>

                        </div></div><div class="owl-item cloned" style="width: 262.5px; margin-right: 30px;"><div class="product-slider-item">  
                            
    

	
    	
    



<div class="product-teaser variant ">
    <div class="image-wrapper">

        

                            

        <a alt="Legendario Elixir de Cuba 34% 0,7l" href="Legendario-Elixir-de-Cuba-34-07l"><img alt="Legendario Elixir de Cuba 34% 0,7l" title="Legendario Elixir de Cuba 34% 0,7l" data-src="media/image/product/1133/sm/legendario-elixir-de-cuba-34-07l.jpg" class="lazy"></a>


                                                                                            
        
        
        
        


          

                    <form action="navi.php" method="post">
                <button name="Wunschliste" type="submit" class="wishlist" title="auf den Merkzettel">
                    <i class="fa fa-heart"></i>
                </button>

                                    <button type="button" data-toggle="modal" data-target="#login-box" class="wishlist" title="auf den Merkzettel">
                        <i class="fa fa-heart"></i>
                    </button>
                                <input type="hidden" name="a" value="1133">
            </form>
            </div>

    <div class="text-wrapper">
  
                 
        <div class="text-wrapper-inner">
                
<span class="rating" title="Artikelbewertung: 4.5/5">

<i class="fa fa-star"></i><i class="fa fa-star"></i><i class="fa fa-star"></i><i class="fa fa-star"></i><i class="fa fa-star-half"></i><i class="fa fa-star inactive"></i></span>
            <div class="product-title"><a href="Legendario-Elixir-de-Cuba-34-07l">Legendario Elixir de Cuba 34% 0,7l</a></div>
            <div class="hidden-xs product-excerpt"></div>
            



    

    <div class="price_wrapper">
    
    
                                                            <div class="instead_of old_price">
                        
                        statt 19,90*<sup><small>1</small></sup>
                    </div>
                                        <div class="price text-nowrap special-price">

                                
                <span class="price-value">17,90</span>
            </div>
                            <div class="price-note">
                                    <div class="base_price text-nowrap">
                        Grundpreis: <span class="value">25,57 € pro 1 l</span>
                    </div>
                    <div class="vat_info">
                        zzgl. <a href="/Zahlung-Versand" target="_blank">Versand</a> | inkl. MwSt.
                    </div>


                            </div>
                
    </div>



    

            <div class="delivery-status">
                                    <span class="green">Mehr als 50 Stück verfügbar</span>
                            </div>

            <a href="Legendario-Elixir-de-Cuba-34-07l" class="infolink"><i class="fa fa-info-circle"></i> Informationen zur Lebensmittel-Kennzeichnung</a>

                    </div>

        <div class="product-actions">
            <a href="Legendario-Elixir-de-Cuba-34-07l" class="btn btn-default button-details">Details <i class="fa fa-caret-right"></i></a>
                            <div class="btn btn-primary addarticle" data-toggle="modal" data-target="#addarticle">
                    
                </div>
                    </div>
    </div>

    <form class="buyform" id="buy_form_1133" action="navi.php" method="post">
        <input type="hidden" class="jtl_token" name="jtl_token" value="990c54f8bbd8eba034444bb458bfabee"><div class="form-group hidden">
	<label for="sp_additional_mail" class="control-label">Additional contact mail (leave blank)*</label>
	<input type="text" name="sp_additional_mail" value="" placeholder="Additional contact mail (leave blank)*" class="form-control">
</div>

        
                            <div class="quantity-wrapper">
                    <div data-changequantity="quantity1133" class="btn btn-default remove changequantity">-</div>
                    <input type="text" min="0" size="2" id="quantity1133" class="quantity form-control text-right" name="anzahl" autocomplete="off" value="1">
                    <div data-changequantity="quantity1133" class="btn btn-default add changequantity">+</div>
                    <button type="submit" class="btn btn-primary addtocart" id="submit1133" title="In den Warenkorb">
                        
                    </button>
                </div>
                    

                        <input type="hidden" name="a" value="1133">
        <input type="hidden" name="wke" value="1">
        <input type="hidden" name="overview" value="1">
        <input type="hidden" name="Sortierung" value="">
                                                                
                    
                    </form>
</div>

                        </div></div><div class="owl-item cloned" style="width: 262.5px; margin-right: 30px;"><div class="product-slider-item">  
                            
    

    


	
    



<div class="product-teaser variant ">
    <div class="image-wrapper">

        

                            

        <a alt="Ron Santisima Trinidad 7 Jahre Rum de Cuba 40,3% 0,7l" href="ron-santisima-trinidad-7-jahre-rum-de-cuba-07l"><img alt="Ron Santisima Trinidad 7 Jahre Rum de Cuba 40,3% 0,7l" title="Ron Santisima Trinidad 7 Jahre Rum de Cuba 40,3% 0,7l" data-src="media/image/product/10435/sm/ron-santisima-trinidad-7-jahre-rum-de-cuba-07l.jpg" class="lazy"></a>


                                                        
        
        
        
        


          

                    <form action="navi.php" method="post">
                <button name="Wunschliste" type="submit" class="wishlist" title="auf den Merkzettel">
                    <i class="fa fa-heart"></i>
                </button>

                                    <button type="button" data-toggle="modal" data-target="#login-box" class="wishlist" title="auf den Merkzettel">
                        <i class="fa fa-heart"></i>
                    </button>
                                <input type="hidden" name="a" value="10435">
            </form>
            </div>

    <div class="text-wrapper">
  
                 
        <div class="text-wrapper-inner">
                
<span class="rating" title="Artikelbewertung: /5">

<i class="fa fa-star inactive"></i><i class="fa fa-star inactive"></i><i class="fa fa-star inactive"></i><i class="fa fa-star inactive"></i><i class="fa fa-star inactive"></i></span>
            <div class="product-title"><a href="ron-santisima-trinidad-7-jahre-rum-de-cuba-07l">Ron Santisima Trinidad 7 Jahre Rum de Cuba 40,3% 0,7l</a></div>
            <div class="hidden-xs product-excerpt"></div>
            



    

    <div class="price_wrapper">
    
    
                                                                <div class="price text-nowrap">

                                
                <span class="price-value">39,90</span>
            </div>
                            <div class="price-note">
                                    <div class="base_price text-nowrap">
                        Grundpreis: <span class="value">57,00 € pro 1 l</span>
                    </div>
                    <div class="vat_info">
                        zzgl. <a href="/Zahlung-Versand" target="_blank">Versand</a> | inkl. MwSt.
                    </div>


                            </div>
                
    </div>



    

            <div class="delivery-status">
                                    <span class="red">Nur noch 5 Stück verfügbar</span>
                            </div>

            <a href="ron-santisima-trinidad-7-jahre-rum-de-cuba-07l" class="infolink"><i class="fa fa-info-circle"></i> Informationen zur Lebensmittel-Kennzeichnung</a>

                    </div>

        <div class="product-actions">
            <a href="ron-santisima-trinidad-7-jahre-rum-de-cuba-07l" class="btn btn-default button-details">Details <i class="fa fa-caret-right"></i></a>
                            <div class="btn btn-primary addarticle" data-toggle="modal" data-target="#addarticle">
                    
                </div>
                    </div>
    </div>

    <form class="buyform" id="buy_form_10435" action="navi.php" method="post">
        <input type="hidden" class="jtl_token" name="jtl_token" value="990c54f8bbd8eba034444bb458bfabee"><div class="form-group hidden">
	<label for="sp_additional_mail" class="control-label">Additional contact mail (leave blank)*</label>
	<input type="text" name="sp_additional_mail" value="" placeholder="Additional contact mail (leave blank)*" class="form-control">
</div>

        
                            <div class="quantity-wrapper">
                    <div data-changequantity="quantity10435" class="btn btn-default remove changequantity">-</div>
                    <input type="text" min="0" size="2" id="quantity10435" class="quantity form-control text-right" name="anzahl" autocomplete="off" value="1">
                    <div data-changequantity="quantity10435" class="btn btn-default add changequantity">+</div>
                    <button type="submit" class="btn btn-primary addtocart" id="submit10435" title="In den Warenkorb">
                        
                    </button>
                </div>
                    

                        <input type="hidden" name="a" value="10435">
        <input type="hidden" name="wke" value="1">
        <input type="hidden" name="overview" value="1">
        <input type="hidden" name="Sortierung" value="">
                                                                
                    
                    </form>
</div>

                        </div></div><div class="owl-item cloned" style="width: 262.5px; margin-right: 30px;"><div class="product-slider-item">  
                            
    

	
    



<div class="product-teaser variant ">
    <div class="image-wrapper">

        

                            

        <a alt="Eminente Rum Reserva 7 Jahre 41,3% 0,7l" href="eminente-rum-reserva-7-jahre-07l"><img alt="Eminente Rum Reserva 7 Jahre 41,3% 0,7l" title="Eminente Rum Reserva 7 Jahre 41,3% 0,7l" data-src="media/image/product/11811/sm/eminente-rum-reserva-7-jahre-07l.jpg" class="lazy"></a>


                                                        
        
        
        
        


          

                    <form action="navi.php" method="post">
                <button name="Wunschliste" type="submit" class="wishlist" title="auf den Merkzettel">
                    <i class="fa fa-heart"></i>
                </button>

                                    <button type="button" data-toggle="modal" data-target="#login-box" class="wishlist" title="auf den Merkzettel">
                        <i class="fa fa-heart"></i>
                    </button>
                                <input type="hidden" name="a" value="11811">
            </form>
            </div>

    <div class="text-wrapper">
  
                 
        <div class="text-wrapper-inner">
                
<span class="rating" title="Artikelbewertung: 4.5/5">

<i class="fa fa-star"></i><i class="fa fa-star"></i><i class="fa fa-star"></i><i class="fa fa-star"></i><i class="fa fa-star-half"></i><i class="fa fa-star inactive"></i></span>
            <div class="product-title"><a href="eminente-rum-reserva-7-jahre-07l">Eminente Rum Reserva 7 Jahre 41,3% 0,7l</a></div>
            <div class="hidden-xs product-excerpt">







</div>
            



    

    <div class="price_wrapper">
    
    
                                                                <div class="price text-nowrap">

                                
                <span class="price-value">48,90</span>
            </div>
                            <div class="price-note">
                                    <div class="base_price text-nowrap">
                        Grundpreis: <span class="value">69,86 € pro 1 l</span>
                    </div>
                    <div class="vat_info">
                        zzgl. <a href="/Zahlung-Versand" target="_blank">Versand</a> | inkl. MwSt.
                    </div>


                            </div>
                
    </div>



    

            <div class="delivery-status">
                                    <span class="green">Noch 30 Stück verfügbar</span>
                            </div>

            <a href="eminente-rum-reserva-7-jahre-07l" class="infolink"><i class="fa fa-info-circle"></i> Informationen zur Lebensmittel-Kennzeichnung</a>

                    </div>

        <div class="product-actions">
            <a href="eminente-rum-reserva-7-jahre-07l" class="btn btn-default button-details">Details <i class="fa fa-caret-right"></i></a>
                            <div class="btn btn-primary addarticle" data-toggle="modal" data-target="#addarticle">
                    
                </div>
                    </div>
    </div>

    <form class="buyform" id="buy_form_11811" action="navi.php" method="post">
        <input type="hidden" class="jtl_token" name="jtl_token" value="990c54f8bbd8eba034444bb458bfabee"><div class="form-group hidden">
	<label for="sp_additional_mail" class="control-label">Additional contact mail (leave blank)*</label>
	<input type="text" name="sp_additional_mail" value="" placeholder="Additional contact mail (leave blank)*" class="form-control">
</div>

        
                            <div class="quantity-wrapper">
                    <div data-changequantity="quantity11811" class="btn btn-default remove changequantity">-</div>
                    <input type="text" min="0" size="2" id="quantity11811" class="quantity form-control text-right" name="anzahl" autocomplete="off" value="1">
                    <div data-changequantity="quantity11811" class="btn btn-default add changequantity">+</div>
                    <button type="submit" class="btn btn-primary addtocart" id="submit11811" title="In den Warenkorb">
                        
                    </button>
                </div>
                    

                        <input type="hidden" name="a" value="11811">
        <input type="hidden" name="wke" value="1">
        <input type="hidden" name="overview" value="1">
        <input type="hidden" name="Sortierung" value="">
                                                                
                    
                    </form>
</div>

                        </div></div></div></div><div class="owl-controls"><div class="owl-nav"><div class="owl-prev" style=""></div><div class="owl-next" style=""></div></div><div style="display: none;" class="owl-dots"></div></div></div>
        </div>
    


</div>
</div>



    






        <div class="service-bubble">
            <button class="service-bubble--toggle">
                
                
            </button>

            <div class="service-bubble--modal">
                <h3 class="service-bubble--question">
                                            
                        Du hast Fragen zu diesem Produkt?
                                    </h3>

                
                <div class="service-bubble--default">
                    
                                            
                   
                            <a class="btn btn-block btn-blue" href="Kontaktformular?kbetreff=kontakt-produkt&amp;artikelname=Ron%20Santisima%20Trinidad%2015%20Jahre%20Rum%20de%20Cuba%2040,7%25%200,7l&amp;artikelnummer=12928-2-09-4-14&amp;link=ron-santisima-trinidad-15-jahre-rum-de-cuba-07l">Frage stellen</a>
                
                            <a href="/Produktempfehlungen" class="iconteaser">
                                <div class="icon blue">
                                    
                                </div>
                                <h3>Produktempfehlungen</h3>
                                <p>Wir geben Hilfestellung zu unserem Sortiment</p>
                            </a>
                     
                                        </div>
                </div>
            </div>
        






   

        <div class="socialmedia-footer">
        <div class="container">
            <div class="socialmedia">
                <div class="h3">Folge uns auf</div>
                <a href="https://www.instagram.com/rumundco.de/" class="btn-social btn-instagram" title="Instagram" target="_blank">
                    <img src="bilder/template/instagram.svg">
                    Instagram</a>
                <a href="https://www.facebook.com/rumundco" class="btn-social btn-facebook" title="Facebook" target="_blank">
                    
                    Facebook</a>
                <a href="/Newsletter" class="btn-social btn-newsletter" title="Newsletter" target="_blank"><i class="fa fa-envelope"></i>Newsletter</a>
                <a href="https://www.youtube.com/user/RumUndCo" class="btn-social btn-youtube" title="YouTube" target="_blank">
                    
                    YouTube</a>
                <a href="https://open.spotify.com/show/1PE8kr3AfYBPot3ZEgF2O8?si=hRRV0eNWTwmvmc9zkX_LMA" class="btn-social btn-spotify" title="Spotify" target="_blank">
                    
                    Spotify</a>
                <div class="h3">und verpasse nichts mehr!</div>
            </div>
        </div>
    </div>
    <div class="zahlarten zahlarten-footer">
        <div class="container">
            <div class="zahlarten-wrap">
                
                <div class="zahlart zahlart-paypal">
                </div>
                <div class="zahlart zahlart-sofortueberweisung">
                </div>
                <div class="zahlart zahlart-visa">
                </div>
                <div class="zahlart zahlart-mastercard">
                </div>
                <div class="zahlart zahlart-text hidden-xs">
                    Rechnung
                </div>
                <div class="zahlart zahlart-text hidden-xs">
                    Überweisung
                </div>
                <div class="zahlart zahlart-text hidden-xs">
                    Nachnahme
                </div>
                <div class="zahlart zahlart-text zahlart-abholung">
                    
                    <span>Mit EC zahlen<br>bei Abholung</span>
                </div>
            </div>
            <div class="zahlarten-wrap zahlarten-bottom">
                <div class="zahlart zahlart-text">
                    Rechnung
                </div>
                <div class="zahlart zahlart-text">
                    Überweisung
                </div>
                <div class="zahlart zahlart-text">
                    Nachnahme
                </div>
            </div>
        </div>
    </div>
        <footer id="footer">
        <div class="container">
            <div class="row">
                <div class="col-sm-6 col-md-2">
                    <nav class="navbar navbar-default servicelinks">
                        <div class="navbar-header"><div class="h2">Service</div></div>
                        <ul class="nav navbar-nav">
                                                                                                <li>
                                        <a href="/Kontaktformular" rel="nofollow" title="Kontakt">Kontakt</a>
                                    </li>
                                                                    <li>
                                        <a href="https://www.rumundco.de/Wir-ueber-uns" title="Wir über uns">Wir über uns</a>
                                    </li>
                                                                    <li>
                                        <a href="/Haeufige-Fragen" title="FAQ - Häufige Fragen">FAQ - Häufige Fragen</a>
                                    </li>
                                                                    <li>
                                        <a href="https://www.rumundco.de/Zahlung-Versand" title="Zahlung &amp; Versand">Zahlung &amp; Versand</a>
                                    </li>
                                                                    <li>
                                        <a href="https://www.rumundco.de/Showroom-Lagerverkauf" title="Abholung &amp; Lagerverkauf">Abholung &amp; Lagerverkauf</a>
                                    </li>
                                                                    <li>
                                        <a href="https://www.rumundco.de/Jobs" title="Jobs">Jobs</a>
                                    </li>
                                                                    <li>
                                        <a href="https://www.rumundco.de/Newsletter" rel="nofollow" title="Newsletter">Newsletter</a>
                                    </li>
                                                                    <li>
                                        <a href="https://www.rumundco.de/So-Laeufts" title="So Läufts">So Läufts</a>
                                    </li>
                                                                    <li>
                                        <a href="https://www.rumundco.de/Bonusinformationen" title="Bonusinformationen">Bonusinformationen</a>
                                    </li>
                                
                                                        
                        </ul>
                    </nav>
                    <nav class="navbar navbar-default rechtliches">
                        <div class="navbar-header"><div class="h2">Rechtliches</div></div>
                        <ul class="nav navbar-nav">
                                                                                                <li>
                                        <a href="https://www.rumundco.de/Impressum" rel="nofollow" title="Impressum">Impressum</a>
                                    </li>
                                                                    <li>
                                        <a href="https://www.rumundco.de/AGB-Widerruf" rel="nofollow" title="AGB / Widerruf">AGB / Widerruf</a>
                                    </li>
                                                                    <li>
                                        <a href="https://www.rumundco.de/Datenschutzerklaerung" rel="nofollow" title="Datenschutzerklärung">Datenschutzerklärung</a>
                                    </li>
                                
                            
                            
                            <li><a href="#uc-corner-modal-show">Datenschutzeinstellungen</a></li>
                        </ul>
                    </nav>

                </div>

                <div class="col-sm-6 col-md-3 col-md-push-1"> 

                        <a class="teaser-hilfe" href="/Hilfe-und-Beratung">
                            
                            <span class="teaser-hilfe-text">
                                <b>Hilfe &amp; Beratung</b>
                                <span>Antworten auf häufige Fragen und Produktberatung</span>
                            </span>
                        </a>
            
                        


               
                        <a href="/family" class="family">
                            <i class="fa fa-plus-circle"></i>
                            <span>Family Points</span>
                        </a>
                
                 

                    

                    <ul class="rumundcobenefits">
                        <li>Mehr als 40.000 Artikel im eigenen Lager</li>
                        <li>Über 200.000 zufriedene Kunden</li>
                        <li>Über 30 Mitarbeiter für Sie im Einsatz</li>
                    </ul>

                    <div class="versand">
                        <div class="h2">Versandpartner</div>
                        

                        <img data-src="bilder/template/dhl-logo.webp" alt="Versand" class="lazy">
                    </div>
                </div>

                <div class="clearfix visible-sm"></div>

                <div class="col-md-6 col-md-push-1">
                    <div class="newsletter">
                        <div class="h2">Newsletter</div>
                        <a href="newsletter.php" class="showroom-link">
                            <span class="showroom-link-head"><i class="fa fa-envelope-o"></i> Jetzt Abonnieren</span>
                            <p class="newsletter-benefits">
                                <span><i class="fa fa-check"></i> Exklusive Angebote</span>
                                <span><i class="fa fa-check"></i> Alle Neuigkeiten</span>
                                <span><i class="fa fa-check"></i> Gewinnspiele</span>
                            </p>
                            <i class="fa fa-chevron-right"></i>
                        </a>
                    </div>
                    <div class="row">
                        <div class="col-sm-6">
                            <a href="https://itunes.apple.com/de/app/rum-co-der-spirituosen-fachhandel/id1076313282?mt=8" class="btn app" target="_blank">
                                Rum &amp; Co App
                                <img data-src="/bilder/template/appstore.gif" class="lazy" alt="Rum &amp; Co App">
                            </a>
                            <div class="trust">
                                <div class="h2">Sicher Einkaufen</div>
                                <div id="TrustBadgeFooter"></div>
                                <!--  billiger.de Partner button with Shop reviews -->
                                <div style="width:130px;">
                                <div id="bde_shopreview">
<a href="http://www.billiger.de/suche.html?search=1&amp;searchstring=rum&amp;shop=f_shop_12999" target="_blank">
                                        <img data-src="//img.billiger.de/billiger/partner/billigerde_pb.png" class="lazy" alt="Lebensmittel und GetrÃ¤nke bei billiger.de" title="Lebensmittel und GetrÃ¤nke bei billiger.de" width="88" height="59" border="0">
                                    </a>

                                </div>
</div>
                                <!--  / billiger.de Partner button with Shop reviews -->
                                <img class="ssl" src="/bilder/template/ssl-s.gif" alt="SSL-Verschlüsselt">
                                <div id="MyCustomTrustbadge"></div>

                                <a onclick="window.open('', 'popup', 'width=800,height=600,scrollbars=no, toolbar=no,status=no,resizable=yes,menubar=no,location=no,directories=no,top=10,left=10')" href="https://www.internet-siegel.net/siegel/info.php?webkey=0d87ae0f7a2da8ba2887396ddf7d85c7" target="popup"><img alt="http://www.internetsiegel.net" data-src="https://www.internet-siegel.net/siegel/bild.php?webkey=0d87ae0f7a2da8ba2887396ddf7d85c7" class="lazy" border="0"></a>
			


                                


                            </div>
                        </div>
                        <div class="col-sm-6">
                            <nav class="navbar navbar-default mehrlinks">
                                <div class="navbar-header"><div class="h2">Mehr</div></div>
                                <ul class="nav navbar-nav">
                                                                                                                                                                                                                                                                                                                                                                                                                                                                                                <li>
                                                <a href="https://www.rumundco.de/Podcast" title="Podcast">Podcast</a>
                                            </li>
                                                                                                                                                                    <li>
                                                <a href="https://www.rumundco.de/Jugendschutz" title="Jugendschutz">Jugendschutz</a>
                                            </li>
                                                                                                                                                                    <li>
                                                <a href="https://www.rumundco.de/alkohol-hilfe" title="Alkohol-Hilfe">Alkohol-Hilfe</a>
                                            </li>
                                                                                                                                                                    <li>
                                                <a href="https://www.rumundco.de/Cocktails" title="Cocktails">Cocktails</a>
                                            </li>
                                                                                                                                                                    <li>
                                                <a href="https://www.rumundco.de/Gewinnspiel" title="Gewinnspiel">Gewinnspiel</a>
                                            </li>
                                                                                                                                                                    <li>
                                                <a href="https://www.rumundco.de/Der-Cognac" title="Der Cognac">Der Cognac</a>
                                            </li>
                                                                                                                                                                    <li>
                                                <a href="https://www.rumundco.de/Der-Rum" title="Der Rum">Der Rum</a>
                                            </li>
                                                                                
                                        <li>
                                            <a href="lexikon">Lexikon</a>
                                        </li>
                                        <li>
                                            <a href="blog">Blog</a>
                                        </li>
                                    
                                    
                                </ul>
                            </nav>
                           <div class="certificates">
                                <img data-src="/bilder/template/euro-bio.gif" class="lazy" alt="EURO BIO">
                                <a href="Bio-Spirituosen"><img data-src="/bilder/template/bio.gif" class="lazy" alt="Bio"></a>
                                <img data-src="/bilder/template/wikinger.gif" class="lazy" alt="Wikinger">
                            </div>
                        </div>
                    </div>
                </div>
            </div>
        </div>

        <div class="footer-bottom">
            <div class="container">
                <div class="row">
                    <div class="col-md-3">
                        <img data-src="/bilder/template/ab-18.gif" alt="ab 18" class="lazy">
                    </div>
                    <div class="col-md-9">
                        <p class="footnote">Fussnote: *1 Ehemaliger Verkäuferpreis, *2 Mit Farbstoff, *3 Innerhalb Deutschlands 1-2 Werktage bei Standard Versand/ 1 Tag bei Express Versand, PayPal Zahlung bei Kubanischen Produkten nicht möglich. Wir versenden nur an Volljährige Personen! *Alle Preise in Euro inkl. 19% MwSt. zzgl. <a href="Zahlung-Versand">Versandkosten</a>, *4 Nur so lange der Vorrat reicht</p>
                    </div>
                </div>
            </div>
        </div>
    </footer>



<div class="modal fade cart-toggle" id="cart-slideout-back" role="dialog"></div>
<div class="modal fade menu-toggle" id="menu-slideout-back" role="dialog"></div>
<div class="modal fade filter-toggle" id="filter-slideout-back" role="dialog"></div>

<div class="modal fade" id="login-box" role="dialog">
  <div class="modal-dialog" role="document">
    <div class="modal-content">
      <div class="modal-header">
        <button type="button" class="close" data-dismiss="modal" aria-label="Close"><i class="fa fa-close"></i></button>
        <div class="h2 title"><span>Login</span></div>
      </div>
      <div class="modal-body">
    	
        <form method="post" action="" class="quicklogin">
            <div class="row">
                <div class="col-sm-6">
                    <div class="form-group">
                        <label for="userLogin">E-Mail-Adresse</label>
                        <input class="form-control" type="text" name="userLogin" id="userLogin">
                    </div>
                </div>
                <div class="col-sm-6">
                    <div class="form-group">
                        <label for="passLogin">Passwort</label>
                        <input class="form-control" type="password" name="passLogin" id="passLogin">
                    </div>
                </div>
            </div>
            <div class="submit-wrap">
                <div class="row">
                    <div class="col-sm-6">
                        <a class="resetpw" href="pass.php"><span class="fa fa-question-circle"></span> Passwort vergessen?</a>
                    </div>
                    <div class="col-sm-6 text-right">
                        <input type="hidden" name="login" value="1">
                        <button id="login-button" type="submit" class="btn btn-primary">Anmelden</button>
                    </div>
                </div>
            </div>
        </form>

        
      </div>
    </div>
  </div>
</div>

<div class="modal fade" id="question" role="dialog">
    <div class="modal-dialog" role="document">
        <div class="modal-content">
            <div class="modal-header">
                <button type="button" class="close" data-dismiss="modal" aria-label="Close"><i class="fa fa-close"></i></button>
                <div class="h2 title"><span>Frage zum Produkt</span></div>
            </div>
            <div class="modal-body">
              <form action="https://www.rumundco.de/ron-santisima-trinidad-15-jahre-rum-de-cuba-07l" method="post" id="article_question" class="evo-validate">
    <input type="hidden" class="jtl_token" name="jtl_token" value="990c54f8bbd8eba034444bb458bfabee"><div class="form-group hidden">
	<label for="sp_additional_mail" class="control-label">Additional contact mail (leave blank)*</label>
	<input type="text" name="sp_additional_mail" value="" placeholder="Additional contact mail (leave blank)*" class="form-control">
</div>
    <fieldset>

        
                    <div class="row">

                                    <div class="col-xs-12 col-md-6">
                        <div class="form-group float-label-control ">
                            <label class="control-label" for="firstName">Vorname</label>
                            <input class="form-control" type="text" name="vorname" value="" id="firstName">
                                                    </div>
                    </div>
                
                                    <div class="col-xs-12 col-md-6">
                        <div class="form-group float-label-control">
                            <label class="control-label" for="lastName">Nachname</label>
                            <input class="form-control" type="text" name="nachname" value="" id="lastName">
                                                    </div>
                    </div>
                            </div>
        
        
        <div class="row">
            <div class="col-xs-12 col-md-6">
                <div class="form-group float-label-control  required">
                    <label class="control-label" for="question_email">E-Mail*</label>
                    <input class="form-control" type="email" name="email" value="" id="question_email" required="">
                                    </div>
            </div>
        </div>

        
            </fieldset>

    <fieldset>

        <div class="form-group float-label-control  required">
            <label class="control-label" for="question">Ihre Frage*</label>
            <textarea class="form-control" name="nachricht" id="question" cols="80" rows="8" required=""></textarea>
                    </div>

                        
    



        
    </fieldset>
    
        <input type="hidden" name="a" value="10436">
    <input type="hidden" name="show" value="1">
    <input type="hidden" name="fragezumprodukt" value="1">
    <div class="text-right" style="padding-bottom: 30px;">
        <button type="submit" value="Frage abschicken" class="btn btn-primary">Frage abschicken</button>
    </div>
</form>
            </div>
        </div>
    </div>
</div>

<div id="ajax-login" class="modal fade" role="dialog" aria-labelledby="ajax-login">
  <div class="modal-dialog" role="document">
    <div class="modal-content">
      <!-- Header -->
      <div class="modal-header">
        <button type="button" class="close" data-dismiss="modal" aria-label="Close"><i class="fa fa-close"></i></button>
        <div class="h2 title"><span>Mein Konto</span></div>
      </div>
      <!-- Body -->
      <div class="modal-body">
        
        <div class="login-wrap">
    
                    <div class="alert alert-danger hidden" id="no-cookies-warning" style="display:none;">
             <strong>Bitte Cookies aktivieren</strong>
             <p>Zur Nutzung unserer Seite müssen Sie im Browser Cookies aktivieren.<br>Versuchen Sie es dann noch einmal auf unserer <a href="index.php">Startseite</a>.</p>
            </div>
            
                
       
        <div class="row">
            <div class="col-sm-6">
                <div class="account-panel">
                    <h3 class="h2">Anmelden <br><small>für registrierte Kunden</small>
</h3>
                    <form id="login_form" action="jtl.php" method="post" role="form" class="evo-validate">
                        <input type="hidden" class="jtl_token" name="jtl_token" value="990c54f8bbd8eba034444bb458bfabee"><div class="form-group hidden">
	<label for="sp_additional_mail" class="control-label">Additional contact mail (leave blank)*</label>
	<input type="text" name="sp_additional_mail" value="" placeholder="Additional contact mail (leave blank)*" class="form-control">
</div>
                        <div class="row">
                            <div class="col-sm-12">
                                <div class="form-group float-label-control required">
                                    <label for="email" class="control-label">Email-Adresse</label>
                                    <input type="text" name="email" id="email" class="form-control" placeholder="Email-Adresse*" required="">
                                </div>
                            </div>
                        </div>
                        <div class="row">
                            <div class="col-sm-12">
                                <div class="form-group float-label-control required">
                                    <label for="password" class="control-label">Passwort</label>
                                    <input type="password" name="passwort" id="password" class="form-control" placeholder="Passwort" required="">
                                </div>
                            </div>
                        </div>
                        <input type="hidden" name="login" value="1">
                                                           
                        <a class="resetpw" href="pass.php">Passwort vergessen?</a>
                        <button type="submit" class="submit btn btn-default btn-block">Anmelden <i class="fa fa-chevron-right"></i></button>
                    </form>
                </div>
            </div>
            <div class="col-sm-6">
                <div class="account-panel panel-full">
                    <h3 class="h2">Neues Kundenkonto erstellen</h3>
                    <p>Sie sind Neukunde und möchten ein Kundenkonto bei uns eröffnen.</p>
                    <ul class="tick tick-green">
                        <li class="li-family">Family Points sammeln und bei deiner nächsten Bestellung sparen. <a href="/family">Mehr Infos</a>
</li>
                        <li>Bewertungen schreiben und Guthaben sichern</li>
                        <li>Rechnung ab 2. Bestellung möglich</li>
                        <li>Online Statusverfolgung</li>
                        <li>An Aktionen teilnehmen</li>
                    </ul>
                    <a class="btn btn-primary btn-block" href="registrieren.php">Neues Konto erstellen <i class="fa fa-chevron-right"></i></a>
                </div>
            </div>
        </div>
    
</div>
      </div>
    </div> <!-- Content -->
  </div> <!-- Dialog -->
</div> <!-- Modal -->




<div class="modal fade" id="addarticle" tabindex="-1" role="dialog" aria-hidden="true">
    <div class="modal-dialog modal-dialog-centered modal-lg" role="document">
        <div class="modal-content">
            <div class="modal-header">
                <button type="button" class="close" data-dismiss="modal" aria-label="Close"><i class="fa fa-close"></i></button>
                <div class="h2 title"><span>In den Warenkorb</span></div>
            </div>
            <div class="modal-body"></div>
        </div>
    </div>
</div>


<div class="modal fade" id="pushed-success" role="dialog">
    <div class="modal-dialog" role="document">
        <div class="modal-content">
            <div class="modal-header text-center">
                <button type="button" class="close" data-dismiss="modal" aria-label="Close"><i class="fa fa-close"></i></button>
                                    <div class="h2 title"><span></span></div>
                            </div>
            <div class="modal-body modal-body-top">
                                                    
                                    <div class="upsell-info">
                                                    <div class="alert alert-success">
                                <i class="hidden-xs fa fa-truck"></i><span>Noch 150,00 € und wir versenden kostenfrei mit DHL Versand &amp; Verpackung innerhalb von Deutschland</span>
                            </div>
                        
                         
                        
                                                <div class="alert alert-info">
            
<span>Noch 100.00 € und Sie erhalten <b>Eine Gratis-Überraschung!</b></span>
</div>

                        
                                            </div>
                
         
                                                                        

                                                                                                                                                                                                                                                                                                                                                                                                                                                                                                                                                                                                                                                                                                                                                                                                                                                                                                                                                                                                                                                                                                                        

    
                <div class="row">
                    <div class="col-xs-12 col-sm-8 col-sm-push-2">
                        <div class="product-teaser pushed-article">
                            <div class="row">
                                <div class="col-xs-12 col-sm-6">
                                    <div class="image-wrapper">
                                                                                                                                                                    <a href="ron-santisima-trinidad-15-jahre-rum-de-cuba-07l"><img alt="Ron Santisima Trinidad 15 Jahre Rum de Cuba 40,7% 0,7l" title="Ron Santisima Trinidad 15 Jahre Rum de Cuba 40,7% 0,7l" src="media/image/product/10436/md/ron-santisima-trinidad-15-jahre-rum-de-cuba-07l.jpg"></a>
                                                                                
                                        
                                        
                                                                            </div>
                                </div>
                                <div class="col-xs-12 col-sm-6">
                                    <div class="text-wrapper">
                                            
<span class="rating" title="Artikelbewertung: 4/5">

<i class="fa fa-star"></i><i class="fa fa-star"></i><i class="fa fa-star"></i><i class="fa fa-star"></i><i class="fa fa-star inactive"></i></span>
                                        <p class="product-title"><a href="ron-santisima-trinidad-15-jahre-rum-de-cuba-07l">Ron Santisima Trinidad 15 Jahre Rum de Cuba 40,7% 0,7l</a></p>

                                        



    

    <div class="price_wrapper">
    
    
                                                                <div class="price text-nowrap">

                                
                <span class="price-value">48,90</span>
            </div>
                            <div class="price-note">
                                    <div class="base_price text-nowrap">
                        Grundpreis: <span class="value">69,86 € pro 1 l</span>
                    </div>
                    <div class="vat_info">
                        zzgl. <a href="/Zahlung-Versand" target="_blank">Versand</a> | inkl. MwSt.
                    </div>


                            </div>
                
    </div>



    


                                        <div class="delivery-status">
                                                                                                                                                <span class="red">Ausverkauft</span> 
                                                   
                                                                                    </div>
                                    </div>
                                </div>
                            </div>
                            
                            <div class="row payment">
                                <div class="col-xs-12 col-sm-6">
                                    
                                                                                                                
                                                                                                        </div>

                                                                

                                <div class="col-xs-12 col-sm-6">
                                    
                                        <a href="index.php?s=404&amp;jtl_paypal_checkout_cart=1" class="paypalexpress btn-ppe-cart default-shipping-registered">  <img data-src="https://www.rumundco.de/includes/plugins/jtl_paypal/version/108/frontend/images/buttons/de/checkout-logo-large-de.png" alt="JTL PayPal" class="lazy" src="https://www.rumundco.de/includes/plugins/jtl_paypal/version/108/frontend/images/buttons/de/checkout-logo-large-de.png"></a>

                                                                    </div>
                            </div>

                 
                                                                    <a href="jtl.php" class="family-alert"><i class="fa fa-plus-circle"></i> Achtung: Melde dich in deinem Kundenkonto an, um Family Points zu sammeln</a>
                                                      
                            
                        </div>
                    </div>
                </div>
            </div>
            <div class="modal-body">
                                <div class="recommendations">
                	                <div class="row">
	                    <div class="col-sm-12">
	                        
	                            <div class="h2 title"><span>Kunden kauften auch</span></div>
	                            <div class="row">
	                                	                                    	                                        <div class="col-sm-4">
	                                            
    

	
    	
    



<div class="product-teaser  ">
    <div class="image-wrapper">

        

                            

        <a alt="Plantation Rum Barbados XO 20th Anniversary Rum 40% 0,7l" href="Plantation-Rum-Barbados-XO-20-Anniversary-Rum-40-07l"><img alt="Plantation Rum Barbados XO 20th Anniversary Rum 40% 0,7l" title="Plantation Rum Barbados XO 20th Anniversary Rum 40% 0,7l" data-src="media/image/product/350/sm/plantation-rum-barbados-xo-20-anniversary-rum-40-07l.jpg" class="lazy" src="media/image/product/350/sm/plantation-rum-barbados-xo-20-anniversary-rum-40-07l.jpg"></a>


                                                                                            
        
        
        
        


          

                    <form action="navi.php" method="post">
                <button name="Wunschliste" type="submit" class="wishlist" title="auf den Merkzettel">
                    <i class="fa fa-heart"></i>
                </button>

                                    <button type="button" data-toggle="modal" data-target="#login-box" class="wishlist" title="auf den Merkzettel">
                        <i class="fa fa-heart"></i>
                    </button>
                                <input type="hidden" name="a" value="350">
            </form>
            </div>

    <div class="text-wrapper">
  
                 
        <div class="text-wrapper-inner">
                
<span class="rating" title="Artikelbewertung: 5/5">

<i class="fa fa-star"></i><i class="fa fa-star"></i><i class="fa fa-star"></i><i class="fa fa-star"></i><i class="fa fa-star"></i></span>
            <div class="product-title"><a href="Plantation-Rum-Barbados-XO-20-Anniversary-Rum-40-07l">Plantation Rum Barbados XO 20th Anniversary Rum 40% 0,7l</a></div>
            <div class="hidden-xs product-excerpt"></div>
            



    

    <div class="price_wrapper">
    
    
                                                            <div class="instead_of old_price">
                        
                        statt 44,90*<sup><small>1</small></sup>
                    </div>
                                        <div class="price text-nowrap special-price">

                                
                <span class="price-value">39,90</span>
            </div>
                            <div class="price-note">
                                    <div class="base_price text-nowrap">
                        Grundpreis: <span class="value">57,00 € pro 1 l</span>
                    </div>
                    <div class="vat_info">
                        zzgl. <a href="/Zahlung-Versand" target="_blank">Versand</a> | inkl. MwSt.
                    </div>


                            </div>
                
    </div>



    

            <div class="delivery-status">
                                    <span class="green">Mehr als 50 Stück verfügbar</span>
                            </div>

            <a href="Plantation-Rum-Barbados-XO-20-Anniversary-Rum-40-07l" class="infolink"><i class="fa fa-info-circle"></i> Informationen zur Lebensmittel-Kennzeichnung</a>

                    </div>

        <div class="product-actions">
            <a href="Plantation-Rum-Barbados-XO-20-Anniversary-Rum-40-07l" class="btn btn-default button-details">Details <i class="fa fa-caret-right"></i></a>
                            <div class="btn btn-primary addarticle" data-toggle="modal" data-target="#addarticle">
                    
                </div>
                    </div>
    </div>

    <form class="buyform" id="buy_form_350" action="navi.php" method="post">
        <input type="hidden" class="jtl_token" name="jtl_token" value="990c54f8bbd8eba034444bb458bfabee"><div class="form-group hidden">
	<label for="sp_additional_mail" class="control-label">Additional contact mail (leave blank)*</label>
	<input type="text" name="sp_additional_mail" value="" placeholder="Additional contact mail (leave blank)*" class="form-control">
</div>

        
                            <div class="quantity-wrapper">
                    <div data-changequantity="quantity350" class="btn btn-default remove changequantity">-</div>
                    <input type="text" min="0" size="2" id="quantity350" class="quantity form-control text-right" name="anzahl" autocomplete="off" value="1">
                    <div data-changequantity="quantity350" class="btn btn-default add changequantity">+</div>
                    <button type="submit" class="btn btn-primary addtocart" id="submit350" title="In den Warenkorb">
                        
                    </button>
                </div>
                    

                        <input type="hidden" name="a" value="350">
        <input type="hidden" name="wke" value="1">
        <input type="hidden" name="overview" value="1">
        <input type="hidden" name="Sortierung" value="">
                                                                
                    
                    </form>
</div>

	                                        </div>
	                                    	                                	                                    	                                        <div class="col-sm-4">
	                                            
    

	
    	
    



<div class="product-teaser  ">
    <div class="image-wrapper">

        

                            

        <a alt="Legendario Elixir de Cuba 34% 0,7l" href="Legendario-Elixir-de-Cuba-34-07l"><img alt="Legendario Elixir de Cuba 34% 0,7l" title="Legendario Elixir de Cuba 34% 0,7l" data-src="media/image/product/1133/sm/legendario-elixir-de-cuba-34-07l.jpg" class="lazy" src="media/image/product/1133/sm/legendario-elixir-de-cuba-34-07l.jpg"></a>


                                                                                            
        
        
        
        


          

                    <form action="navi.php" method="post">
                <button name="Wunschliste" type="submit" class="wishlist" title="auf den Merkzettel">
                    <i class="fa fa-heart"></i>
                </button>

                                    <button type="button" data-toggle="modal" data-target="#login-box" class="wishlist" title="auf den Merkzettel">
                        <i class="fa fa-heart"></i>
                    </button>
                                <input type="hidden" name="a" value="1133">
            </form>
            </div>

    <div class="text-wrapper">
  
                 
        <div class="text-wrapper-inner">
                
<span class="rating" title="Artikelbewertung: 4.5/5">

<i class="fa fa-star"></i><i class="fa fa-star"></i><i class="fa fa-star"></i><i class="fa fa-star"></i><i class="fa fa-star-half"></i><i class="fa fa-star inactive"></i></span>
            <div class="product-title"><a href="Legendario-Elixir-de-Cuba-34-07l">Legendario Elixir de Cuba 34% 0,7l</a></div>
            <div class="hidden-xs product-excerpt"></div>
            



    

    <div class="price_wrapper">
    
    
                                                            <div class="instead_of old_price">
                        
                        statt 19,90*<sup><small>1</small></sup>
                    </div>
                                        <div class="price text-nowrap special-price">

                                
                <span class="price-value">17,90</span>
            </div>
                            <div class="price-note">
                                    <div class="base_price text-nowrap">
                        Grundpreis: <span class="value">25,57 € pro 1 l</span>
                    </div>
                    <div class="vat_info">
                        zzgl. <a href="/Zahlung-Versand" target="_blank">Versand</a> | inkl. MwSt.
                    </div>


                            </div>
                
    </div>



    

            <div class="delivery-status">
                                    <span class="green">Mehr als 50 Stück verfügbar</span>
                            </div>

            <a href="Legendario-Elixir-de-Cuba-34-07l" class="infolink"><i class="fa fa-info-circle"></i> Informationen zur Lebensmittel-Kennzeichnung</a>

                    </div>

        <div class="product-actions">
            <a href="Legendario-Elixir-de-Cuba-34-07l" class="btn btn-default button-details">Details <i class="fa fa-caret-right"></i></a>
                            <div class="btn btn-primary addarticle" data-toggle="modal" data-target="#addarticle">
                    
                </div>
                    </div>
    </div>

    <form class="buyform" id="buy_form_1133" action="navi.php" method="post">
        <input type="hidden" class="jtl_token" name="jtl_token" value="990c54f8bbd8eba034444bb458bfabee"><div class="form-group hidden">
	<label for="sp_additional_mail" class="control-label">Additional contact mail (leave blank)*</label>
	<input type="text" name="sp_additional_mail" value="" placeholder="Additional contact mail (leave blank)*" class="form-control">
</div>

        
                            <div class="quantity-wrapper">
                    <div data-changequantity="quantity1133" class="btn btn-default remove changequantity">-</div>
                    <input type="text" min="0" size="2" id="quantity1133" class="quantity form-control text-right" name="anzahl" autocomplete="off" value="1">
                    <div data-changequantity="quantity1133" class="btn btn-default add changequantity">+</div>
                    <button type="submit" class="btn btn-primary addtocart" id="submit1133" title="In den Warenkorb">
                        
                    </button>
                </div>
                    

                        <input type="hidden" name="a" value="1133">
        <input type="hidden" name="wke" value="1">
        <input type="hidden" name="overview" value="1">
        <input type="hidden" name="Sortierung" value="">
                                                                
                    
                    </form>
</div>

	                                        </div>
	                                    	                                	                                    	                                        <div class="col-sm-4">
	                                            
    

    


	
    



<div class="product-teaser  ">
    <div class="image-wrapper">

        

                            

        <a alt="Ron Santisima Trinidad 7 Jahre Rum de Cuba 40,3% 0,7l" href="ron-santisima-trinidad-7-jahre-rum-de-cuba-07l"><img alt="Ron Santisima Trinidad 7 Jahre Rum de Cuba 40,3% 0,7l" title="Ron Santisima Trinidad 7 Jahre Rum de Cuba 40,3% 0,7l" data-src="media/image/product/10435/sm/ron-santisima-trinidad-7-jahre-rum-de-cuba-07l.jpg" class="lazy" src="media/image/product/10435/sm/ron-santisima-trinidad-7-jahre-rum-de-cuba-07l.jpg"></a>


                                                        
        
        
        
        


          

                    <form action="navi.php" method="post">
                <button name="Wunschliste" type="submit" class="wishlist" title="auf den Merkzettel">
                    <i class="fa fa-heart"></i>
                </button>

                                    <button type="button" data-toggle="modal" data-target="#login-box" class="wishlist" title="auf den Merkzettel">
                        <i class="fa fa-heart"></i>
                    </button>
                                <input type="hidden" name="a" value="10435">
            </form>
            </div>

    <div class="text-wrapper">
  
                 
        <div class="text-wrapper-inner">
                
<span class="rating" title="Artikelbewertung: /5">

<i class="fa fa-star inactive"></i><i class="fa fa-star inactive"></i><i class="fa fa-star inactive"></i><i class="fa fa-star inactive"></i><i class="fa fa-star inactive"></i></span>
            <div class="product-title"><a href="ron-santisima-trinidad-7-jahre-rum-de-cuba-07l">Ron Santisima Trinidad 7 Jahre Rum de Cuba 40,3% 0,7l</a></div>
            <div class="hidden-xs product-excerpt"></div>
            



    

    <div class="price_wrapper">
    
    
                                                                <div class="price text-nowrap">

                                
                <span class="price-value">39,90</span>
            </div>
                            <div class="price-note">
                                    <div class="base_price text-nowrap">
                        Grundpreis: <span class="value">57,00 € pro 1 l</span>
                    </div>
                    <div class="vat_info">
                        zzgl. <a href="/Zahlung-Versand" target="_blank">Versand</a> | inkl. MwSt.
                    </div>


                            </div>
                
    </div>



    

            <div class="delivery-status">
                                    <span class="red">Nur noch 5 Stück verfügbar</span>
                            </div>

            <a href="ron-santisima-trinidad-7-jahre-rum-de-cuba-07l" class="infolink"><i class="fa fa-info-circle"></i> Informationen zur Lebensmittel-Kennzeichnung</a>

                    </div>

        <div class="product-actions">
            <a href="ron-santisima-trinidad-7-jahre-rum-de-cuba-07l" class="btn btn-default button-details">Details <i class="fa fa-caret-right"></i></a>
                            <div class="btn btn-primary addarticle" data-toggle="modal" data-target="#addarticle">
                    
                </div>
                    </div>
    </div>

    <form class="buyform" id="buy_form_10435" action="navi.php" method="post">
        <input type="hidden" class="jtl_token" name="jtl_token" value="990c54f8bbd8eba034444bb458bfabee"><div class="form-group hidden">
	<label for="sp_additional_mail" class="control-label">Additional contact mail (leave blank)*</label>
	<input type="text" name="sp_additional_mail" value="" placeholder="Additional contact mail (leave blank)*" class="form-control">
</div>

        
                            <div class="quantity-wrapper">
                    <div data-changequantity="quantity10435" class="btn btn-default remove changequantity">-</div>
                    <input type="text" min="0" size="2" id="quantity10435" class="quantity form-control text-right" name="anzahl" autocomplete="off" value="1">
                    <div data-changequantity="quantity10435" class="btn btn-default add changequantity">+</div>
                    <button type="submit" class="btn btn-primary addtocart" id="submit10435" title="In den Warenkorb">
                        
                    </button>
                </div>
                    

                        <input type="hidden" name="a" value="10435">
        <input type="hidden" name="wke" value="1">
        <input type="hidden" name="overview" value="1">
        <input type="hidden" name="Sortierung" value="">
                                                                
                    
                    </form>
</div>

	                                        </div>
	                                    	                                
	                            </div>
	                        
	                    </div>
	                </div>
                                </div>
                <hr class="hidden-xs">
                <div class="row" style="padding-bottom: 30px;">
                    <div class="col-sm-4">
                                                    <div class="btn btn-default btn-block" id="closemodal">
<i class="fa fa-chevron-left"></i> Weiter einkaufen</div>
                                            </div>
                    
                    <div class="col-sm-4 col-sm-push-4">
                        <a href="warenkorb.php" class="btn btn-cta btn-block">Zum Warenkorb <i class="fa fa-chevron-right"></i></a>
                        
                    </div>
                </div>
            </div>
        </div>
    </div>
    
</div>





    

    
    
    
    

                        <script defer="" type="text/javascript" src="templates/kreativkarussell/../../includes/plugins/jtl_paypal/version/111/frontend/js/paypal.js?v=1582268835"></script>
                    <script defer="" type="text/javascript" src="templates/kreativkarussell/js/jquery.touch.min.js?v=1550649995"></script>
                    <script defer="" type="text/javascript" src="templates/kreativkarussell/js/jquery.backstretch.min.js?v=1550649995"></script>
                    <script defer="" type="text/javascript" src="templates/kreativkarussell/js/jquery.dimension.js?v=1550649995"></script>
                    <script defer="" type="text/javascript" src="templates/kreativkarussell/js/jquery.offcanvas.js?v=1550649995"></script>
                    <script defer="" type="text/javascript" src="templates/kreativkarussell/js/jquery.waitforimages.js?v=1550649995"></script>
                    <script defer="" type="text/javascript" src="templates/kreativkarussell/js/jquery.lazy.js?v=1550649995"></script>
                    <script defer="" type="text/javascript" src="templates/kreativkarussell/js/jquery.serialize-object.js?v=1550649995"></script>
                    <script defer="" type="text/javascript" src="templates/kreativkarussell/js/jquery.validate.min.js?v=1550649995"></script>
                    <script defer="" type="text/javascript" src="templates/kreativkarussell/js/jquery.mousewheel.js?v=1550649995"></script>
                    <script defer="" type="text/javascript" src="templates/kreativkarussell/js/additional-methods.min.js?v=1550649995"></script>
                    <script defer="" type="text/javascript" src="templates/kreativkarussell/js/messages_de.min.js?v=1550649995"></script>
                    <script defer="" type="text/javascript" src="templates/kreativkarussell/js/bootstrap.min.js?v=1550649995"></script>
                    <script defer="" type="text/javascript" src="templates/kreativkarussell/js/bootstrap-tabdrop.js?v=1550649995"></script>
                    <script defer="" type="text/javascript" src="templates/kreativkarussell/js/bootstrap-slider.js?v=1550649995"></script>
                    <script defer="" type="text/javascript" src="templates/kreativkarussell/js/bootstrap-modal.js?v=1550649995"></script>
                    <script defer="" type="text/javascript" src="templates/kreativkarussell/js/bootstrap-grid.js?v=1550649995"></script>
                    <script defer="" type="text/javascript" src="templates/kreativkarussell/js/bootstrap-toolkit.js?v=1550649995"></script>
                    <script defer="" type="text/javascript" src="templates/kreativkarussell/js/bootstrap-select.js?v=1550649995"></script>
                    <script defer="" type="text/javascript" src="templates/kreativkarussell/js/respond.min.js?v=1550649995"></script>
                    <script defer="" type="text/javascript" src="templates/kreativkarussell/js/bootstrap-hover-dropdown.min.js?v=1550649995"></script>
                    <script defer="" type="text/javascript" src="templates/kreativkarussell/js/jtl.evo.js?v=1607521474"></script>
                    <script defer="" type="text/javascript" src="templates/kreativkarussell/js/jtl.article.js?v=1583312200"></script>
                    <script defer="" type="text/javascript" src="templates/kreativkarussell/js/jtl.basket.js?v=1550649995"></script>
                    <script defer="" type="text/javascript" src="templates/kreativkarussell/js/jtl.io.js?v=1550649995"></script>
                    <script defer="" type="text/javascript" src="templates/kreativkarussell/js/typeahead.bundle.js?v=1550649995"></script>
                    <script defer="" type="text/javascript" src="templates/kreativkarussell/js/spin.js?v=1550649995"></script>
                    <script defer="" type="text/javascript" src="templates/kreativkarussell/js/global.js?v=1597678523"></script>
                    <script defer="" type="text/javascript" src="templates/kreativkarussell/js/owl.carousel.js?v=1550649995"></script>
                    <script defer="" type="text/javascript" src="templates/kreativkarussell/js/360/object2vr_player.js?v=1550649995"></script>
                    <script defer="" type="text/javascript" src="templates/kreativkarussell/js/360/skin.js?v=1550649995"></script>
                    <script defer="" type="text/javascript" src="templates/kreativkarussell/js/jquery.countdown.min.js?v=1550649995"></script>
                    <script defer="" type="text/javascript" src="templates/kreativkarussell/js/jquery.chocolat.js?v=1550649995"></script>
                    <script defer="" type="text/javascript" src="templates/kreativkarussell/js/nouislider/nouislider.min.js?v=1550649995"></script>
                    <script defer="" type="text/javascript" src="templates/kreativkarussell/js/jquery.unveil.min.js?v=1550649995"></script>
                    <script defer="" type="text/javascript" src="templates/kreativkarussell/js/masonry.pkgd.min.js?v=1572959738"></script>
                    <script defer="" type="text/javascript" src="templates/kreativkarussell/js/init.js?v=1624216024"></script>
        
                                    <script defer="" type="text/javascript" src="includes/plugins/kreativkarussell-zusatzartikel/version/111/frontend/js/frontend.js?v=1541429477"></script>
            
                
            
            
    

<script async="" src="https://cdn.jsdelivr.net/npm/vanilla-lazyload@17.1.0/dist/lazyload.min.js"></script>

    

    











<div id="kk-paypal-express-plugin" data-versandpos="N" data-ladeanimation="N" data-versandart="Y">
			 
		 
		

		<script type="text/javascript" charset="UTF-8" src="https://www.rumundco.de/includes/plugins/kreativkarussell-paypal-express-versand/version/100/frontend/js/kreativkarussell-pp-express.min.js"></script>
		
</div>
<!-- DROP Google Funnel Tracking [KK_GoogleFunnelTracking] (1.5ms) -->

<!-- END DROP [KK_GoogleFunnelTracking] -->
<script type="text/javascript" src="https://www.rumundco.de/includes/plugins/sd_bonuspunkte/version/109/frontend/assets/app.js?v=109"></script>



<div class="responsive-bootstrap-toolkit"><div class="device-xs visible-xs visible-xs-block"></div><div class="device-sm visible-sm visible-sm-block"></div><div class="device-md visible-md visible-md-block"></div><div class="device-lg visible-lg visible-lg-block"></div></div><script src="https://widgets.trustedshops.com/assets/trustbadge.js" charset="utf-8" data-type="trustbadge-business-logic"></script><iframe style="display: none;"></iframe><div id="trustbadge-container-98e3dadd90eb493088abdc5597a70810" style="z-index: 2147483647; position: fixed;"><div class="_1gwv20v"><div id="minimized-trustbadge-98e3dadd90eb493088abdc5597a70810" class="_owyw4l"><p id="trustbadge-minimized-menu-button-98e3dadd90eb493088abdc5597a70810" class="_wlcvwn"><span class="_1jbkkgd">...</span></p><div class="_b9scdo"><img class="_qoy2qn" src="https://widgets.trustedshops.com/assets/images/trustmark_120x120.png" alt="Trustmark" width="50" height="50"><p class="_45x1mh">Käuferschutz</p></div><div class="_17zorkz"></div><div class="_1o2ipx7"><div id="ratingStarsContainer-98e3dadd90eb493088abdc5597a70810" class="_1gx5e9r"><div class="_mb6ngm"><div class="_13kabys"></div><div class="_13kabys"></div><div class="_13kabys"></div><div class="_13kabys"></div><div class="_1v5rx1h"></div></div><div class="_13tvmct"><div class="_k7hzis"></div><div class="_k7hzis"></div><div class="_k7hzis"></div><div class="_k7hzis"></div><div class="_1dsajr9"></div></div></div><p class="_1j0ks3c">Sehr gut</p><p class="_12k7pyr"><span class="_1x1fpq7">4.93</span>/5.00</p></div></div></div></div><div class="df-classic" id="dfclassic" data-layout="grid" data-facets="left" data-browser-support="cssgrid" hidden=""><div class="df-layer__content"><div class="df-aside" data-role="aside" style="width: 280px;"><div class="df-aside__content" id="df-aside__dfclassic"></div></div><div class="df-main">  <div class="df-header" id="df-header__dfclassic" data-role="header"></div>  <div class="df-suggestions-list" id="df-suggestions__dfclassic" data-role="suggestion-list" hidden=""></div><div class="df-results" id="df-results__dfclassic" data-role="result-list"></div></div></div><div class="df-branding"><a class="doofinderLogo" href="https://www.doofinder.com?mktcod=REF1&amp;utm_source=referrals&amp;utm_medium=REF1" target="_blank" rel="noopener noreferer"><span>Powered by</span> </a></div><a class="df-icon df-icon--close" href="#" data-role="close"></a></div><div id="usercentrics-button" class="usercentrics-button layout-1 uc-button-bl uc-banner-1 uc-modal-1 uc-button-hidden injected-styles"><div id="uc-privacy-chip" class="layout-1">
    
</div>

<div id="uc-privacy-button" class="layout-1">
    
</div>

<div id="uc-banner-modal" class="layout-1">
    
</div>

<div id="uc-central-banner-modal" class="layout-1">
    
</div>

<div id="uc-center-modal" class="layout-1">
    
</div>

<div id="uc-corner-modal" class="layout-1">
    
</div>

<div id="uc-consents-info-modal" class="layout-1">
    
</div>

<div id="uc-about-model" class="layout-1">
    
</div></div><script src="https://swrap.tradedoubler.com/wrap?id=21822" async=""></script></body></html>